timestamp,symbol,direction,confidence,raw_score,obi_long,obi_short,prt_long,prt_short,umom_long,umom_short,ltb_long,ltb_short,sweep_up,sweep_down,ice_long,ice_short,vwap_long,vwap_short,vol_regime,spread_ticks,mid_price,action
1770214090537,BTCUSDT,1,0.0,0.03,0.0,0.0,0.0,0.0,0.0,0.0,0.0,0.0,1.0,0.0,0.0,1.0,0.2,0.2,low,301525.0,661343.55,none
1770214090538,ETHUSDT,1,0.0,0.0502,0.0,0.0,0.0,0.0,0.0,0.0,0.0,0.0,0.0,0.0,0.0,-0.0,0.7,0.0,low,6064.0,5383.02,none
1770214090538,ETHUSDT,1,0.0,0.0514,0.0,0.0,0.0,0.0,0.0,0.0,0.0,0.0,0.0,0.0,0.0,-0.0,0.7,0.0,low,6064.0,5383.02,none
1770214090538,ETHUSDT,1,0.0,0.0526,0.0,0.0,0.0,0.0,0.0,0.0,0.0,0.0,0.0,0.0,0.0,-0.0,0.7,0.0,low,6064.0,5383.02,none
1770214090538,ETHUSDT,1,0.0,0.0538,0.0,0.0,0.0,0.0,0.0,0.0,0.0,0.0,0.0,0.0,0.0,-0.0,0.7,0.0,low,6064.0,5383.02,none
1770214090538,ETHUSDT,1,0.0,0.055,0.0,0.0,0.0,0.0,0.0,0.0,0.0,0.0,0.0,0.0,0.0,-0.0,0.7,0.0,low,6064.0,5383.02,none
1770214090538,ETHUSDT,1,0.0,0.055,0.0,0.0,0.0,0.0,0.0,-0.0,0.0,0.0,0.0,0.0,0.0,-0.0,0.7,0.0,low,6064.0,5383.02,none
1770214090538,ETHUSDT,1,0.0,0.175,0.0,0.0,0.0,0.0,0.0,-0.0,1.0,0.0,0.0,0.0,0.0,-0.0,0.7,0.0,low,6064.0,5383.02,none
1770214090538,ETHUSDT,1,0.0,0.1964,0.0,0.0,0.0,0.0,0.0,-0.0,1.0,0.0,1.0,1.0,0.4286,0.0,0.7,0.0,low,5940.0,5429.13,none
1770214090538,BTCUSDT,1,0.0,0.0802,0.0,0.0,0.0,0.0,0.0,0.0,0.0,0.0,1.0,0.0,0.0,1.0,0.7,0.0,low,301525.0,661343.55,none
1770214090538,BTCUSDT,1,0.0,0.0814,0.0,0.0,0.0,0.0,0.0,0.0,0.0,0.0,1.0,0.0,0.0,1.0,0.7,0.0,low,301525.0,661343.55,none
1770214090539,BTCUSDT,1,0.0,0.0826,0.0,0.0,0.0,0.0,0.0,0.0,0.0,0.0,1.0,0.0,0.0,1.0,0.7,0.0,low,301525.0,661343.55,none
1770214090539,BTCUSDT,1,0.0,0.0826,0.0,0.0,0.0,0.0,0.0,0.0,0.0,0.0,1.0,0.0,0.0,1.0,0.7,0.0,low,301525.0,661343.55,none
1770214090539,ETHUSDT,-1,0.0,-0.0814,0.0,0.5279,0.0,0.0,0.0,-0.0,1.0,0.0,1.0,1.0,0.0,-0.0,0.0,0.7,low,1.0,5458.82,none
1770214090539,ETHUSDT,-1,0.0,-0.0837,0.0,0.5358,0.0,0.0,0.0,-0.0,1.0,0.0,1.0,1.0,0.0,-0.0,0.0,0.7,low,1.0,5458.82,none
1770214090539,ETHUSDT,-1,0.0,-0.0837,0.0,0.5358,0.0,0.0,0.0,-0.0,1.0,0.0,1.0,1.0,0.0,-0.0,0.0,0.7,low,1.0,5458.82,none
1770214090539,BTCUSDT,1,0.0,0.0526,0.0,0.0,0.0,0.0,0.0,0.0,0.0,0.0,1.0,1.0,0.0,-0.0,0.7,0.0,low,2763.0,662753.35,none
1770214090539,BTCUSDT,1,0.0,0.0526,0.0,0.0,0.0,0.0,0.0,0.0,0.0,0.0,1.0,1.0,0.0,-0.0,0.7,0.0,low,2763.0,662753.35,none
1770214090539,ETHUSDT,-1,0.0,-0.2037,0.0,0.5358,0.0,0.0,0.0,-0.0,0.0,0.0,1.0,1.0,0.0,-0.0,0.0,0.7,low,1.0,5458.82,none
1770214090539,ETHUSDT,-1,0.0,-0.2037,0.0,0.5358,0.0,0.0,0.0,-0.0,0.0,0.0,1.0,1.0,0.0,-0.0,0.0,0.7,low,1.0,5458.82,none
1770214090540,ETHUSDT,-1,0.0,-0.2037,0.0,0.5358,0.0,0.0,0.0,-0.0,0.0,0.0,1.0,1.0,0.0,-0.0,0.0,0.7,low,1.0,5458.82,none
1770214090540,ETHUSDT,-1,0.0,-0.2037,0.0,0.5358,0.0,0.0,0.0,-0.0,0.0,0.0,1.0,1.0,0.0,-0.0,0.0,0.7,low,1.0,5458.82,none
1770214090540,BTCUSDT,1,0.0,0.0538,0.0,0.0,0.0,0.0,-0.0,0.0,0.0,0.0,1.0,1.0,0.0,-0.0,0.7,0.0,low,2763.0,662753.35,none
1770214090540,BTCUSDT,1,0.0,0.055,0.0,0.0,0.0,0.0,-0.0,0.0,0.0,0.0,1.0,1.0,0.0,-0.0,0.7,0.0,low,2763.0,662753.35,none
1770214090540,BTCUSDT,1,0.0,0.055,0.0,0.0,0.0,0.0,-0.0,0.0,0.0,0.0,1.0,1.0,0.0,-0.0,0.7,0.0,low,2763.0,662753.35,none
1770214090540,BTCUSDT,1,0.0,0.055,0.0,0.0,0.0,0.0,-0.0,0.0,0.0,0.0,1.0,1.0,0.0,-0.0,0.7,0.0,low,2763.0,662753.35,none
1770214090540,BTCUSDT,1,0.0,0.055,0.0,0.0,0.0,0.0,-0.0,0.0,0.0,0.0,1.0,1.0,0.0,-0.0,0.7,0.0,low,2763.0,662753.35,none
1770214090540,BTCUSDT,1,0.0,0.055,0.0,0.0,0.0,0.0,-0.0,0.0,0.0,0.0,1.0,1.0,0.0,-0.0,0.7,0.0,low,2763.0,662753.35,none
1770214090567,ETHUSDT,-1,0.0,-0.2037,0.0,0.5358,0.0,0.0,0.0,-0.0,0.0,0.0,1.0,1.0,0.0,-0.0,0.0,0.7,low,1.0,5458.82,none
1770214090770,ETHUSDT,-1,0.7347,-0.2037,0.0,0.5358,0.0,0.0,0.0,-0.0,0.0,0.0,1.0,1.0,0.0,-0.0,0.0,0.7,low,1.0,5458.82,enter
1770214090771,ETHUSDT,-1,0.0,-0.2037,0.0,0.5358,0.0,0.0,0.0,-0.0,0.0,0.0,1.0,1.0,0.0,-0.0,0.0,0.7,low,1.0,5458.82,none
1770214090771,ETHUSDT,-1,0.0,-0.2037,0.0,0.5358,0.0,0.0,0.0,-0.0,0.0,0.0,1.0,1.0,0.0,-0.0,0.0,0.7,low,1.0,5458.82,none
1770214090771,ETHUSDT,-1,0.0,-0.2041,0.0,0.5369,0.0,0.0,0.0,-0.0,0.0,0.0,1.0,1.0,0.0,-0.0,0.0,0.7,low,1.0,5458.82,none
1770214090771,ETHUSDT,-1,0.0,-0.204,0.0,0.5365,0.0,0.0,0.0,-0.0,0.0,0.0,1.0,1.0,0.0,-0.0,0.0,0.7,low,1.0,5458.82,none
1770214090771,ETHUSDT,-1,0.0,-0.2042,0.0,0.5372,0.0,0.0,0.0,-0.0,0.0,0.0,1.0,1.0,0.0,-0.0,0.0,0.7,low,1.0,5458.82,none
1770214090836,ETHUSDT,-1,0.0,-0.2041,0.0,0.537,0.0,0.0,0.0,-0.0,0.0,0.0,1.0,1.0,0.0,-0.0,0.0,0.7,low,1.0,5458.82,none
1770214091026,ETHUSDT,-1,0.7351,-0.2041,0.0,0.537,0.0,0.0,0.0,-0.0,0.0,0.0,1.0,1.0,0.0,-0.0,0.0,0.7,low,1.0,5458.82,enter
1770214091535,ETHUSDT,-1,0.7351,-0.2041,0.0,0.5369,0.0,0.0,0.0,-0.0,0.0,0.0,1.0,1.0,0.0,-0.0,0.0,0.7,low,1.0,5458.82,enter
1770214091535,BTCUSDT,1,0.0,0.049,0.0,0.0,0.0,0.0,-0.0,0.0,0.0,0.0,1.0,1.0,0.0,-0.0,0.7,0.0,low,2763.0,662753.35,none
1770214091535,ETHUSDT,-1,0.0,-0.2041,0.0,0.5369,0.0,0.0,0.0,-0.0,0.0,0.0,1.0,1.0,0.0,-0.0,0.0,0.7,low,1.0,5458.82,none
1770214091535,ETHUSDT,-1,0.0,-0.2041,0.0,0.5369,0.0,0.0,0.0,-0.0,0.0,0.0,1.0,1.0,0.0,-0.0,0.0,0.7,low,1.0,5458.82,none
1770214091536,ETHUSDT,-1,0.0,-0.2041,0.0,0.5369,0.0,0.0,0.0,-0.0,0.0,0.0,1.0,1.0,0.0,-0.0,0.0,0.7,low,1.0,5458.82,none
1770214091536,BTCUSDT,1,0.0,0.0502,0.0,0.0,0.0,0.0,-0.0,0.0,0.0,0.0,1.0,1.0,0.0,-0.0,0.7,0.0,low,2763.0,662753.35,none
1770214091536,BTCUSDT,1,0.0,0.0514,0.0,0.0,0.0,0.0,-0.0,0.0,0.0,0.0,1.0,1.0,0.0,-0.0,0.7,0.0,low,2763.0,662753.35,none
1770214091536,BTCUSDT,1,0.0,0.0526,0.0,0.0,0.0,0.0,-0.0,0.0,0.0,0.0,1.0,1.0,0.0,-0.0,0.7,0.0,low,2763.0,662753.35,none
1770214091536,BTCUSDT,1,0.0,0.0538,0.0,0.0,0.0,0.0,-0.0,0.0,0.0,0.0,1.0,1.0,0.0,-0.0,0.7,0.0,low,2763.0,662753.35,none
1770214091536,BTCUSDT,1,0.0,0.055,0.0,0.0,0.0,0.0,-0.0,0.0,0.0,0.0,1.0,1.0,0.0,-0.0,0.7,0.0,low,2763.0,662753.35,none
1770214091536,BTCUSDT,1,0.0,0.055,0.0,0.0,0.0,0.0,-0.0,0.0,0.0,0.0,1.0,1.0,0.0,-0.0,0.7,0.0,low,2763.0,662753.35,none
1770214091536,ETHUSDT,-1,0.0,-0.2041,0.0,0.5369,0.0,0.0,0.0,-0.0,0.0,0.0,1.0,1.0,0.0,-0.0,0.0,0.7,low,1.0,5458.82,none
1770214091537,ETHUSDT,-1,0.0,-0.2041,0.0,0.5369,0.0,0.0,0.0,-0.0,0.0,0.0,1.0,1.0,0.0,-0.0,0.0,0.7,low,1.0,5458.82,none
1770214091537,ETHUSDT,-1,0.0,-0.2042,0.0,0.5374,0.0,0.0,0.0,-0.0,0.0,0.0,1.0,1.0,0.0,-0.0,0.0,0.7,low,1.0,5458.82,none
1770214091537,BTCUSDT,1,0.0,0.055,0.0,0.0,0.0,0.0,-0.0,0.0,0.0,0.0,1.0,1.0,0.0,-0.0,0.7,0.0,low,2763.0,662753.35,none
1770214091537,BTCUSDT,1,0.0,0.055,0.0,0.0,0.0,0.0,-0.0,0.0,0.0,0.0,1.0,1.0,0.0,-0.0,0.7,0.0,low,2763.0,662753.35,none
1770214091537,ETHUSDT,-1,0.0,-0.2042,0.0,0.5373,0.0,0.0,0.0,-0.0,0.0,0.0,1.0,1.0,0.0,-0.0,0.0,0.7,low,1.0,5458.82,none
1770214091537,ETHUSDT,-1,0.0,-0.2042,0.0,0.5373,0.0,0.0,0.0,-0.0,0.0,0.0,1.0,1.0,0.0,-0.0,0.0,0.7,low,1.0,5458.82,none
1770214091537,ETHUSDT,-1,0.0,-0.2042,0.0,0.5373,0.0,0.0,0.0,-0.0,0.0,0.0,1.0,1.0,0.0,-0.0,0.0,0.7,low,1.0,5458.82,none
1770214091537,ETHUSDT,-1,0.0,-0.2042,0.0,0.5372,0.0,0.0,0.0,-0.0,0.0,0.0,1.0,1.0,0.0,-0.0,0.0,0.7,low,1.0,5458.82,none
1770214091758,BTCUSDT,1,0.0,0.055,0.0,0.0,0.0,0.0,-0.0,0.0,0.0,0.0,1.0,1.0,0.0,-0.0,0.7,0.0,low,2763.0,662753.35,none
1770214091818,BTCUSDT,1,0.0,0.055,0.0,0.0,0.0,0.0,-0.0,0.0,0.0,0.0,1.0,1.0,0.0,-0.0,0.7,0.0,low,2763.0,662753.35,none
1770214092386,ETHUSDT,-1,0.7351,-0.2042,0.0,0.5372,0.0,0.0,0.0,-0.0,0.0,0.0,1.0,1.0,0.0,-0.0,0.0,0.7,low,1.0,5458.82,enter
1770214092387,BTCUSDT,1,0.0,0.049,0.0,0.0,0.0,0.0,-0.0,0.0,0.0,0.0,1.0,1.0,0.0,-0.0,0.7,0.0,low,2763.0,662753.35,none
1770214092572,ETHUSDT,-1,0.7353,-0.2043,0.0,0.5377,0.0,0.0,0.0,-0.0,0.0,0.0,1.0,1.0,0.0,-0.0,0.0,0.7,low,1.0,5458.82,enter
1770214092573,ETHUSDT,-1,0.0,-0.2309,0.0,0.5375,0.0,0.0,0.0,-0.0,0.0,0.0,0.0,0.3333,0.0,-0.0,0.0,0.7,low,1.0,5458.82,none
1770214092573,ETHUSDT,-1,0.0,-0.2309,0.0,0.5375,0.0,0.0,0.0,-0.0,0.0,0.0,0.0,0.3333,0.0,-0.0,0.0,0.7,low,1.0,5458.82,none
1770214092573,ETHUSDT,-1,0.0,-0.2309,0.0,0.5375,0.0,0.0,0.0,-0.0,0.0,0.0,0.0,0.3333,0.0,-0.0,0.0,0.7,low,1.0,5458.82,none
1770214092574,ETHUSDT,-1,0.0,-0.2309,0.0,0.5375,0.0,0.0,0.0,-0.0,0.0,0.0,0.0,0.3333,0.0,-0.0,0.0,0.7,low,1.0,5458.82,none
1770214092632,ETHUSDT,-1,0.0,-0.2576,0.0,0.5375,0.0,0.0,0.0,-0.0,0.0,0.0,0.0,0.6667,0.0,-0.0,0.0,0.7,low,1.0,5458.82,none
1770214092738,BTCUSDT,1,0.0,0.049,0.0,0.0,0.0,0.0,-0.0,0.0,0.0,0.0,1.0,1.0,0.0,-0.0,0.7,0.0,low,2763.0,662753.35,none
1770214092758,BTCUSDT,1,0.0,0.049,0.0,0.0,0.0,0.0,-0.0,0.0,0.0,0.0,1.0,1.0,0.0,-0.0,0.7,0.0,low,2763.0,662753.35,none
1770214092779,BTCUSDT,1,0.0,0.049,0.0,0.0,0.0,0.0,-0.0,0.0,0.0,0.0,1.0,1.0,0.0,-0.0,0.7,0.0,low,2763.0,662753.35,none
1770214092878,BTCUSDT,1,0.0,0.049,0.0,0.0,0.0,0.0,-0.0,0.0,0.0,0.0,1.0,1.0,0.0,-0.0,0.7,0.0,low,2763.0,662753.35,none
1770214093119,ETHUSDT,-1,0.7858,-0.26,0.0,0.5375,0.0,0.0,0.0,-0.0,0.0,0.0,0.0,0.6667,0.0,-0.0,0.0,0.7,low,1.0,5458.82,enter
1770214093119,BTCUSDT,1,0.0,0.0502,0.0,0.0,0.0,0.0,-0.0,0.0,0.0,0.0,1.0,1.0,0.0,-0.0,0.7,0.0,low,2763.0,662753.35,none
1770214093119,BTCUSDT,1,0.0,0.0502,0.0,0.0,0.0,0.0,-0.0,0.0,0.0,0.0,1.0,1.0,0.0,-0.0,0.7,0.0,low,2763.0,662753.35,none
1770214093953,ETHUSDT,-1,0.7858,-0.26,0.0,0.5375,0.0,0.0,0.0,-0.0,0.0,0.0,0.0,0.6667,0.0,-0.0,0.0,0.7,low,1.0,5458.82,enter
1770214094483,ETHUSDT,-1,0.7858,-0.26,0.0,0.5375,0.0,0.0,0.0,-0.0,0.0,0.0,0.0,0.6667,0.0,-0.0,0.0,0.7,low,1.0,5458.82,enter
1770214094485,ETHUSDT,-1,0.0,-0.065,0.0,0.0,0.0,0.0,0.0,-0.0,0.0,1.0,1.0,1.0,0.0,-0.0,0.7,0.0,low,824.0,5236.36,none
1770214094485,ETHUSDT,-1,0.0,-0.065,0.0,0.0,0.0,0.0,0.0,-0.0,0.0,1.0,1.0,1.0,0.0,-0.0,0.7,0.0,low,824.0,5236.36,none
1770214094485,ETHUSDT,-1,0.0,-0.065,0.0,0.0,0.0,0.0,0.0,-0.0,0.0,1.0,1.0,1.0,0.0,-0.0,0.7,0.0,low,824.0,5236.36,none
1770214094485,ETHUSDT,-1,0.0,-0.065,0.0,0.0,0.0,0.0,0.0,-0.0,0.0,1.0,1.0,1.0,0.0,-0.0,0.7,0.0,low,824.0,5236.36,none
1770214094485,ETHUSDT,-1,0.0,-0.065,0.0,0.0,0.0,0.0,0.0,-0.0,0.0,1.0,1.0,1.0,0.0,-0.0,0.7,0.0,low,824.0,5236.36,none
1770214094485,ETHUSDT,-1,0.0,-0.065,0.0,0.0,0.0,0.0,0.0,-0.0,0.0,1.0,1.0,1.0,0.0,-0.0,0.7,0.0,low,824.0,5236.36,none
1770214094486,ETHUSDT,-1,0.0,-0.065,0.0,0.0,0.0,0.0,-0.0,0.0,0.0,1.0,1.0,1.0,0.0,-0.0,0.7,0.0,low,824.0,5236.36,none
1770214094486,ETHUSDT,-1,0.0,-0.065,0.0,0.0,0.0,0.0,-0.0,0.0,0.0,1.0,1.0,1.0,0.0,-0.0,0.7,0.0,low,824.0,5236.36,none
1770214094486,ETHUSDT,-1,0.0,-0.065,0.0,0.0,0.0,0.0,-0.0,0.0,0.0,1.0,1.0,1.0,0.0,-0.0,0.7,0.0,low,824.0,5236.36,none
1770214094487,ETHUSDT,-1,0.0,-0.065,0.0,0.0,0.0,0.0,-0.0,0.0,0.0,1.0,1.0,1.0,0.0,-0.0,0.7,0.0,low,824.0,5236.36,none
1770214094487,ETHUSDT,-1,0.0,-0.065,0.0,0.0,0.0,0.0,-0.0,0.0,0.0,1.0,1.0,1.0,0.0,-0.0,0.7,0.0,low,824.0,5236.36,none
1770214094487,ETHUSDT,-1,0.0,-0.065,0.0,0.0,0.0,0.0,-0.0,0.0,0.0,1.0,1.0,1.0,0.0,-0.0,0.7,0.0,low,824.0,5236.36,none
1770214094487,ETHUSDT,-1,0.0,-0.065,0.0,0.0,0.0,0.0,-0.0,0.0,0.0,1.0,1.0,1.0,0.0,-0.0,0.7,0.0,low,824.0,5236.36,none
1770214094487,ETHUSDT,-1,0.0,-0.065,0.0,0.0,0.0,0.0,-0.0,0.0,0.0,1.0,1.0,1.0,0.0,-0.0,0.7,0.0,low,824.0,5236.36,none
1770214094487,ETHUSDT,-1,0.0,-0.065,0.0,0.0,0.0,0.0,-0.0,0.0,0.0,1.0,1.0,1.0,0.0,-0.0,0.7,0.0,low,824.0,5236.36,none
1770214094487,ETHUSDT,-1,0.0,-0.065,0.0,0.0,0.0,0.0,-0.0,0.0,0.0,1.0,1.0,1.0,0.0,-0.0,0.7,0.0,low,824.0,5236.36,none
1770214094488,ETHUSDT,-1,0.0,-0.065,0.0,0.0,0.0,0.0,-0.0,0.0,0.0,1.0,1.0,1.0,0.0,-0.0,0.7,0.0,low,824.0,5236.36,none
1770214094488,ETHUSDT,-1,0.0,-0.065,0.0,0.0,0.0,0.0,-0.0,0.0,0.0,1.0,1.0,1.0,0.0,-0.0,0.7,0.0,low,824.0,5236.36,none
1770214094488,ETHUSDT,-1,0.0,-0.065,0.0,0.0,0.0,0.0,-0.0,0.0,0.0,1.0,1.0,1.0,0.0,-0.0,0.7,0.0,low,824.0,5236.36,none
1770214094488,ETHUSDT,-1,0.0,-0.065,0.0,0.0,0.0,0.0,-0.0,0.0,0.0,1.0,1.0,1.0,0.0,-0.0,0.7,0.0,low,17366.0,5153.65,none
1770214094488,ETHUSDT,-1,0.0,-0.065,0.0,0.0,0.0,0.0,-0.0,0.0,0.0,1.0,1.0,1.0,0.0,-0.0,0.7,0.0,low,5225.0,5092.94,none
1770214094488,ETHUSDT,-1,0.0,-0.065,0.0,0.0,0.0,0.0,-0.0,0.0,0.0,1.0,1.0,1.0,0.0,-0.0,0.7,0.0,low,5225.0,5092.94,none
1770214094489,ETHUSDT,-1,0.0,-0.065,0.0,0.0,0.0,0.0,-0.0,0.0,0.0,1.0,1.0,1.0,0.0,-0.0,0.7,0.0,low,5225.0,5092.94,none
1770214094491,ETHUSDT,-1,0.0,-0.065,0.0,0.0,0.0,0.0,-0.0,0.0,0.0,1.0,1.0,1.0,0.0,-0.0,0.7,0.0,low,5225.0,5092.94,none
1770214094492,ETHUSDT,-1,0.0,-0.065,0.0,0.0,0.0,0.0,-0.0,0.0,0.0,1.0,1.0,1.0,0.0,-0.0,0.7,0.0,low,5225.0,5092.94,none
1770214094492,ETHUSDT,-1,0.0,-0.065,0.0,0.0,0.0,0.0,-0.0,0.0,0.0,1.0,1.0,1.0,0.0,-0.0,0.7,0.0,low,5225.0,5092.94,none
1770214094492,ETHUSDT,-1,0.0,-0.065,0.0,0.0,0.0,0.0,-0.0,0.0,0.0,1.0,1.0,1.0,0.0,-0.0,0.7,0.0,low,5225.0,5092.94,none
1770214094493,ETHUSDT,-1,0.0,-0.065,0.0,0.0,0.0,0.0,-0.0,0.0,0.0,1.0,1.0,1.0,0.0,-0.0,0.7,0.0,low,5225.0,5092.94,none
1770214094493,ETHUSDT,-1,0.0,-0.065,0.0,0.0,0.0,0.0,-0.0,0.0,0.0,1.0,1.0,1.0,0.0,-0.0,0.7,0.0,low,14570.0,5139.67,none
1770214094494,ETHUSDT,-1,0.0,-0.065,0.0,0.0,0.0,0.0,-0.0,0.0,0.0,1.0,1.0,1.0,0.0,-0.0,0.7,0.0,low,14570.0,5139.67,none
1770214094494,ETHUSDT,-1,0.0,-0.065,0.0,0.0,0.0,0.0,-0.0,0.0,0.0,1.0,1.0,1.0,0.0,-0.0,0.7,0.0,low,14570.0,5139.67,none
1770214094494,ETHUSDT,-1,0.0,-0.065,0.0,0.0,0.0,0.0,-0.0,0.0,0.0,1.0,1.0,1.0,0.0,-0.0,0.7,0.0,low,14570.0,5139.67,none
1770214094515,ETHUSDT,-1,0.0,-0.065,0.0,0.0,0.0,0.0,-0.0,0.0,0.0,1.0,1.0,1.0,0.0,-0.0,0.7,0.0,low,7469.0,5203.14,none
1770214095121,ETHUSDT,-1,0.7534,-0.2233,0.0,0.5278,0.0,0.0,-0.0,0.0,0.0,1.0,1.0,1.0,0.0,-0.0,0.7,0.0,low,1.0,5240.48,enter
1770214095792,ETHUSDT,-1,0.8936,-0.4257,0.0,0.5357,0.0,0.0,0.0,1.0,0.0,1.0,1.0,1.0,0.0,-0.0,0.7,0.0,low,1.0,5240.48,enter
1770214095792,BTCUSDT,1,0.0,0.0514,0.0,0.0,0.0,0.0,-0.0,0.0,0.0,0.0,1.0,1.0,0.0,-0.0,0.7,0.0,low,30951.0,647814.85,none
1770214095792,BTCUSDT,1,0.0,0.0526,0.0,0.0,0.0,0.0,-0.0,0.0,0.0,0.0,1.0,1.0,0.0,-0.0,0.7,0.0,low,30951.0,647814.85,none
1770214095792,BTCUSDT,1,0.0,0.0538,0.0,0.0,0.0,0.0,-0.0,0.0,0.0,0.0,1.0,1.0,0.0,-0.0,0.7,0.0,low,30951.0,647814.85,none
1770214095793,BTCUSDT,1,0.0,0.055,0.0,0.0,0.0,0.0,-0.0,0.0,0.0,0.0,1.0,1.0,0.0,-0.0,0.7,0.0,low,30951.0,647814.85,none
1770214095793,BTCUSDT,1,0.0,0.055,0.0,0.0,0.0,0.0,-0.0,0.0,0.0,0.0,1.0,1.0,0.0,-0.0,0.7,0.0,low,30951.0,647814.85,none
1770214095793,BTCUSDT,1,0.0,0.055,0.0,0.0,0.0,0.0,-0.0,0.0,0.0,0.0,1.0,1.0,0.0,-0.0,0.7,0.0,low,30951.0,647814.85,none
1770214095794,BTCUSDT,1,0.0,0.055,0.0,0.0,0.0,0.0,-0.0,0.0,0.0,0.0,1.0,1.0,0.0,-0.0,0.7,0.0,low,30951.0,647814.85,none
1770214095794,BTCUSDT,1,0.0,0.055,0.0,0.0,0.0,0.0,-0.0,0.0,0.0,0.0,1.0,1.0,0.0,-0.0,0.7,0.0,low,30951.0,647814.85,none
1770214096325,ETHUSDT,-1,0.8942,-0.4269,0.0,0.5357,0.0,0.0,0.0,1.0,0.0,1.0,1.0,1.0,0.0,-0.0,0.7,0.0,low,1.0,5240.48,enter
1770214096511,ETHUSDT,-1,0.7371,-0.2062,0.0,0.5374,0.0,0.0,0.0,0.5,0.0,0.0,1.0,1.0,0.0,-0.0,0.7,0.0,low,1.0,5240.48,enter
1770214096511,BTCUSDT,1,0.0,0.049,0.0,0.0,0.0,0.0,-0.0,0.0,0.0,0.0,1.0,1.0,0.0,-0.0,0.7,0.0,low,30951.0,647814.85,none
1770214096511,BTCUSDT,1,0.0,0.0502,0.0,0.0,0.0,0.0,-0.0,0.0,0.0,0.0,1.0,1.0,0.0,-0.0,0.7,0.0,low,30951.0,647814.85,none
1770214096511,BTCUSDT,1,0.0,0.0514,0.0,0.0,0.0,0.0,-0.0,0.0,0.0,0.0,1.0,1.0,0.0,-0.0,0.7,0.0,low,30951.0,647814.85,none
1770214096512,BTCUSDT,1,0.0,0.0526,0.0,0.0,0.0,0.0,-0.0,0.0,0.0,0.0,1.0,1.0,0.0,-0.0,0.7,0.0,low,30951.0,647814.85,none
1770214096512,BTCUSDT,1,0.0,0.0538,0.0,0.0,0.0,0.0,-0.0,0.0,0.0,0.0,1.0,1.0,0.0,-0.0,0.7,0.0,low,30951.0,647814.85,none
1770214096512,BTCUSDT,1,0.0,0.0538,0.0,0.0,0.0,0.0,-0.0,0.0,0.0,0.0,1.0,1.0,0.0,-0.0,0.7,0.0,low,30951.0,647814.85,none
1770214097040,ETHUSDT,-1,0.7369,-0.206,0.0,0.5368,0.0,0.0,0.0,0.5,0.0,0.0,1.0,1.0,0.0,-0.0,0.7,0.0,low,1.0,5240.48,enter
1770214097227,ETHUSDT,-1,0.7406,-0.2098,0.0,0.5374,0.0,0.0,0.0,0.5,0.0,0.0,0.0,0.0,0.0,-0.0,0.7,0.0,low,1.0,5240.48,enter
1770214097424,ETHUSDT,-1,0.7417,-0.211,0.0,0.5372,0.0,0.0,0.0,0.5,0.0,0.0,0.0,0.0,0.0,-0.0,0.7,0.0,low,1.0,5240.48,enter
1770214097612,ETHUSDT,-1,0.7428,-0.2122,0.0,0.5372,0.0,0.0,0.0,0.5,0.0,0.0,0.0,0.0,0.0,-0.0,0.7,0.0,low,1.0,5240.48,enter
1770214097612,BTCUSDT,1,0.0,0.129,0.0,0.0,0.0,0.0,-0.0,0.0,0.0,0.0,1.0,0.0,0.0,-0.0,0.7,0.0,low,30951.0,647814.85,none
1770214097613,BTCUSDT,1,0.0,0.129,0.0,0.0,0.0,0.0,-0.0,0.0,0.0,0.0,1.0,0.0,0.0,-0.0,0.7,0.0,low,30951.0,647814.85,none
1770214097613,BTCUSDT,1,0.0,0.129,0.0,0.0,0.0,0.0,-0.0,0.0,0.0,0.0,1.0,0.0,0.0,-0.0,0.7,0.0,low,30951.0,647814.85,none
1770214097613,BTCUSDT,1,0.0,0.129,0.0,0.0,0.0,0.0,-0.0,0.0,0.0,0.0,1.0,0.0,0.0,-0.0,0.7,0.0,low,30951.0,647814.85,none
1770214097613,BTCUSDT,1,0.0,0.129,0.0,0.0,0.0,0.0,-0.0,0.0,0.0,0.0,1.0,0.0,0.0,-0.0,0.7,0.0,low,30951.0,647814.85,none
1770214097614,BTCUSDT,1,0.0,0.129,0.0,0.0,0.0,0.0,-0.0,0.0,0.0,0.0,1.0,0.0,0.0,-0.0,0.7,0.0,low,30951.0,647814.85,none
1770214097614,BTCUSDT,1,0.0,0.129,0.0,0.0,0.0,0.0,-0.0,0.0,0.0,0.0,1.0,0.0,0.0,-0.0,0.7,0.0,low,30956.0,647815.1,none
1770214097799,ETHUSDT,-1,0.7417,-0.211,0.0,0.5372,0.0,0.0,0.0,0.5,0.0,0.0,0.0,0.0,0.0,-0.0,0.7,0.0,low,1.0,5240.48,enter
1770214097983,ETHUSDT,-1,0.7428,-0.2122,0.0,0.5372,0.0,0.0,0.0,0.5,0.0,0.0,0.0,0.0,0.0,-0.0,0.7,0.0,low,1.0,5240.48,enter
1770214098179,ETHUSDT,-1,0.7428,-0.2122,0.0,0.5372,0.0,0.0,0.0,0.5,0.0,0.0,0.0,0.0,0.0,-0.0,0.7,0.0,low,1.0,5240.48,enter
1770214098180,ETHUSDT,-1,0.0,-0.2122,0.0,0.5372,0.0,0.0,0.0,0.5,0.0,0.0,0.0,0.0,0.0,-0.0,0.7,0.0,low,1.0,5240.48,none
1770214098180,ETHUSDT,-1,0.0,-0.2122,0.0,0.5372,0.0,0.0,0.0,0.5,0.0,0.0,0.0,0.0,0.0,-0.0,0.7,0.0,low,1.0,5240.48,none
1770214098180,BTCUSDT,1,0.0,0.129,0.0,0.0,0.0,0.0,-0.0,0.0,0.0,0.0,1.0,0.0,0.0,-0.0,0.7,0.0,low,30956.0,647815.1,none
1770214098180,BTCUSDT,1,0.0,0.129,0.0,0.0,0.0,0.0,-0.0,0.0,0.0,0.0,1.0,0.0,0.0,-0.0,0.7,0.0,low,30956.0,647815.1,none
1770214098180,BTCUSDT,1,0.0,0.129,0.0,0.0,0.0,0.0,-0.0,0.0,0.0,0.0,1.0,0.0,0.0,-0.0,0.7,0.0,low,30956.0,647815.1,none
1770214098180,BTCUSDT,1,0.0,0.129,0.0,0.0,0.0,0.0,-0.0,0.0,0.0,0.0,1.0,0.0,0.0,-0.0,0.7,0.0,low,30956.0,647815.1,none
1770214098181,BTCUSDT,1,0.0,0.129,0.0,0.0,0.0,0.0,-0.0,0.0,0.0,0.0,1.0,0.0,0.0,-0.0,0.7,0.0,low,30956.0,647815.1,none
1770214098181,ETHUSDT,-1,0.0,-0.2122,0.0,0.5372,0.0,0.0,0.0,0.5,0.0,0.0,0.0,0.0,0.0,-0.0,0.7,0.0,low,1.0,5240.48,none
1770214098181,ETHUSDT,-1,0.0,-0.2122,0.0,0.5372,0.0,0.0,0.0,0.5,0.0,0.0,0.0,0.0,0.0,-0.0,0.7,0.0,low,1.0,5240.48,none
1770214098181,ETHUSDT,-1,0.0,-0.2122,0.0,0.5372,0.0,0.0,0.0,0.5,0.0,0.0,0.0,0.0,0.0,-0.0,0.7,0.0,low,1.0,5240.48,none
1770214098181,ETHUSDT,-1,0.0,-0.2124,0.0,0.5378,0.0,0.0,0.0,0.5,0.0,0.0,0.0,0.0,0.0,-0.0,0.7,0.0,low,1.0,5240.48,none
1770214098181,ETHUSDT,-1,0.0,-0.2111,0.0,0.5376,0.0,0.0,0.0,0.5,0.0,0.0,0.0,0.0,0.0,-0.0,0.7,0.0,low,1.0,5240.48,none
1770214098181,ETHUSDT,-1,0.0,-0.2099,0.0,0.5376,0.0,0.0,0.0,0.5,0.0,0.0,0.0,0.0,0.0,-0.0,0.7,0.0,low,1.0,5240.48,none
1770214098182,ETHUSDT,-1,0.0,-0.2087,0.0,0.5376,0.0,0.0,0.0,0.5,0.0,0.0,0.0,0.0,0.0,-0.0,0.7,0.0,low,1.0,5240.48,none
1770214098182,ETHUSDT,-1,0.0,-0.2087,0.0,0.5376,0.0,0.0,0.0,0.5,0.0,0.0,0.0,0.0,0.0,-0.0,0.7,0.0,low,1.0,5240.48,none
1770214098182,ETHUSDT,-1,0.0,-0.2087,0.0,0.5378,0.0,0.0,0.0,0.5,0.0,0.0,0.0,0.0,0.0,-0.0,0.7,0.0,low,1.0,5240.48,none
1770214098182,BTCUSDT,1,0.0,0.129,0.0,0.0,0.0,0.0,-0.0,0.0,0.0,0.0,1.0,0.0,0.0,-0.0,0.7,0.0,low,30956.0,647815.1,none
1770214098182,BTCUSDT,1,0.0,0.1302,0.0,0.0,0.0,0.0,-0.0,0.0,0.0,0.0,1.0,0.0,0.0,-0.0,0.7,0.0,low,30956.0,647815.1,none
1770214098182,BTCUSDT,1,0.0,0.1314,0.0,0.0,0.0,0.0,-0.0,0.0,0.0,0.0,1.0,0.0,0.0,-0.0,0.7,0.0,low,30956.0,647815.1,none
1770214098182,BTCUSDT,1,0.0,0.1326,0.0,0.0,0.0,0.0,-0.0,0.0,0.0,0.0,1.0,0.0,0.0,-0.0,0.7,0.0,low,30956.0,647815.1,none
1770214098182,BTCUSDT,1,0.0,0.1326,0.0,0.0,0.0,0.0,-0.0,0.0,0.0,0.0,1.0,0.0,0.0,-0.0,0.7,0.0,low,30956.0,647815.1,none
1770214098183,ETHUSDT,-1,0.0,-0.2075,0.0,0.5377,0.0,0.0,0.0,0.5,0.0,0.0,0.0,0.0,0.0,-0.0,0.7,0.0,low,1.0,5240.48,none
1770214098183,ETHUSDT,-1,0.0,-0.2075,0.0,0.5377,0.0,0.0,0.0,0.5,0.0,0.0,0.0,0.0,0.0,-0.0,0.7,0.0,low,1.0,5240.48,none
1770214098183,ETHUSDT,-1,0.0,-0.2063,0.0,0.5377,0.0,0.0,0.0,0.5,0.0,0.0,0.0,0.0,0.0,-0.0,0.7,0.0,low,1.0,5240.48,none
1770214098183,ETHUSDT,-1,0.0,-0.2063,0.0,0.5377,0.0,0.0,0.0,0.5,0.0,0.0,0.0,0.0,0.0,-0.0,0.7,0.0,low,1.0,5240.48,none
1770214098183,ETHUSDT,-1,0.0,-0.2063,0.0,0.5377,0.0,0.0,0.0,0.5,0.0,0.0,0.0,0.0,0.0,-0.0,0.7,0.0,low,1.0,5240.48,none
1770214098183,ETHUSDT,-1,0.0,-0.2063,0.0,0.5377,0.0,0.0,0.0,0.5,0.0,0.0,0.0,0.0,0.0,-0.0,0.7,0.0,low,1.0,5240.48,none
1770214098991,ETHUSDT,-1,0.7372,-0.2063,0.0,0.5377,0.0,0.0,0.0,0.5,0.0,0.0,0.0,0.0,0.0,-0.0,0.7,0.0,low,1.0,5240.48,enter
1770214099189,ETHUSDT,-1,0.7384,-0.2075,0.0,0.5377,0.0,0.0,0.0,0.5,0.0,0.0,0.0,0.0,0.0,-0.0,0.7,0.0,low,1.0,5240.48,enter
1770214099684,ETHUSDT,-1,0.7372,-0.2063,0.0,0.5377,0.0,0.0,0.0,0.5,0.0,0.0,0.0,0.0,0.0,-0.0,0.7,0.0,low,1.0,5240.48,enter
1770214100214,ETHUSDT,-1,0.757,-0.2273,0.0,0.5376,0.0,0.0,0.0,0.5,0.0,0.0,0.0,0.0,0.0,0.3,0.7,0.0,low,1.0,5240.48,enter
1770214100214,BTCUSDT,1,0.0,0.049,0.0,0.0,0.0,0.0,-0.0,0.0,0.0,0.0,0.0,0.0,0.0,-0.0,0.7,0.0,low,30956.0,647815.1,none
1770214100215,ETHUSDT,-1,0.0,-0.071,0.0,0.0,0.0,0.0,-0.0,0.0,0.0,1.0,1.0,1.0,0.0,-0.0,0.7,0.0,low,268.0,5029.53,none
1770214100215,ETHUSDT,-1,0.0,-0.071,0.0,0.0,0.0,0.0,-0.0,0.0,0.0,1.0,1.0,1.0,0.0,-0.0,0.7,0.0,low,268.0,5029.53,none
1770214100215,BTCUSDT,1,0.0,0.0223,0.0,0.0,0.0,0.0,-0.0,0.0,0.0,0.0,0.0,0.3333,0.0,-0.0,0.7,0.0,low,30956.0,647815.1,none
1770214100216,ETHUSDT,-1,0.0,-0.071,0.0,0.0,0.0,0.0,-0.0,0.0,0.0,1.0,1.0,1.0,0.0,-0.0,0.7,0.0,low,268.0,5029.53,none
1770214100216,ETHUSDT,-1,0.0,-0.071,0.0,0.0,0.0,0.0,-0.0,0.0,0.0,1.0,1.0,1.0,0.0,-0.0,0.7,0.0,low,268.0,5029.53,none
1770214100216,ETHUSDT,-1,0.0,-0.071,0.0,0.0,0.0,0.0,-0.0,0.0,0.0,1.0,1.0,1.0,0.0,-0.0,0.7,0.0,low,268.0,5029.53,none
1770214100216,ETHUSDT,-1,0.0,-0.071,0.0,0.0,0.0,0.0,-0.0,0.0,0.0,1.0,1.0,1.0,0.0,-0.0,0.7,0.0,low,268.0,5029.53,none
1770214100216,ETHUSDT,-1,0.0,-0.071,0.0,0.0,0.0,0.0,-0.0,0.0,0.0,1.0,1.0,1.0,0.0,-0.0,0.7,0.0,low,268.0,5029.53,none
1770214100216,BTCUSDT,-1,0.0,-0.031,0.0,0.0,0.0,0.0,-0.0,0.0,0.0,0.0,0.0,1.0,0.0,-0.0,0.7,0.0,low,30956.0,647815.1,none
1770214100217,BTCUSDT,-1,0.0,-0.031,0.0,0.0,0.0,0.0,-0.0,0.0,0.0,0.0,0.0,1.0,0.0,-0.0,0.7,0.0,low,30956.0,647815.1,none
1770214100217,BTCUSDT,1,0.0,0.0223,0.0,0.0,0.0,0.0,-0.0,0.0,0.0,0.0,0.6667,1.0,0.0,-0.0,0.7,0.0,low,3607187.0,456016.35,none
1770214100217,BTCUSDT,1,0.0,0.049,0.0,0.0,0.0,0.0,-0.0,0.0,0.0,0.0,1.0,1.0,0.0,-0.0,0.7,0.0,low,3607187.0,456016.35,none
1770214100217,BTCUSDT,1,0.0,0.049,0.0,0.0,0.0,0.0,-0.0,0.0,0.0,0.0,1.0,1.0,0.0,-0.0,0.7,0.0,low,381494.0,617301.0,none
1770214100217,BTCUSDT,1,0.0,0.049,0.0,0.0,0.0,0.0,-0.0,0.0,0.0,0.0,1.0,1.0,0.0,-0.0,0.7,0.0,low,381494.0,617301.0,none
1770214100217,ETHUSDT,-1,0.0,-0.0698,0.0,0.0,0.0,0.0,-0.0,0.0,0.0,1.0,1.0,1.0,0.0,-0.0,0.7,0.0,low,268.0,5029.53,none
1770214100218,ETHUSDT,-1,0.0,-0.0686,0.0,0.0,0.0,0.0,-0.0,0.0,0.0,1.0,1.0,1.0,0.0,-0.0,0.7,0.0,low,268.0,5029.53,none
1770214100218,ETHUSDT,-1,0.0,-0.0674,0.0,0.0,0.0,0.0,-0.0,0.0,0.0,1.0,1.0,1.0,0.0,-0.0,0.7,0.0,low,268.0,5029.53,none
1770214100218,ETHUSDT,-1,0.0,-0.0662,0.0,0.0,0.0,0.0,-0.0,0.0,0.0,1.0,1.0,1.0,0.0,-0.0,0.7,0.0,low,268.0,5029.53,none
1770214100218,ETHUSDT,-1,0.0,-0.065,0.0,0.0,0.0,0.0,-0.0,0.0,0.0,1.0,1.0,1.0,0.0,-0.0,0.7,0.0,low,268.0,5029.53,none
1770214100219,ETHUSDT,-1,0.0,-0.065,0.0,0.0,0.0,0.0,-0.0,0.0,0.0,1.0,1.0,1.0,0.0,-0.0,0.7,0.0,low,268.0,5029.53,none
1770214100219,ETHUSDT,-1,0.0,-0.065,0.0,0.0,0.0,0.0,-0.0,0.0,0.0,1.0,1.0,1.0,0.0,-0.0,0.7,0.0,low,268.0,5029.53,none
1770214100219,ETHUSDT,-1,0.0,-0.065,0.0,0.0,0.0,0.0,-0.0,0.0,0.0,1.0,1.0,1.0,0.0,-0.0,0.7,0.0,low,5839.0,5001.67,none
1770214100219,ETHUSDT,-1,0.0,-0.065,0.0,0.0,0.0,0.0,-0.0,0.0,0.0,1.0,1.0,1.0,0.0,-0.0,0.7,0.0,low,5313.0,4999.05,none
1770214100219,BTCUSDT,1,0.0,0.049,0.0,0.0,0.0,0.0,-0.0,0.0,0.0,0.0,1.0,1.0,0.0,-0.0,0.7,0.0,low,381494.0,617301.0,none
1770214100219,ETHUSDT,-1,0.0,-0.065,0.0,0.0,0.0,0.0,-0.0,0.0,0.0,1.0,1.0,1.0,0.0,-0.0,0.7,0.0,low,5313.0,4999.05,none
1770214100219,BTCUSDT,1,0.0,0.049,0.0,0.0,0.0,0.0,-0.0,0.0,0.0,0.0,1.0,1.0,0.0,-0.0,0.7,0.0,low,381494.0,617301.0,none
1770214100220,ETHUSDT,-1,0.0,-0.065,0.0,0.0,0.0,0.0,-0.0,0.0,0.0,1.0,1.0,1.0,0.0,-0.0,0.7,0.0,low,5313.0,4999.05,none
1770214100220,ETHUSDT,-1,0.0,-0.065,0.0,0.0,0.0,0.0,-0.0,0.0,0.0,1.0,1.0,1.0,0.0,-0.0,0.7,0.0,low,5313.0,4999.05,none
1770214100220,ETHUSDT,-1,0.0,-0.065,0.0,0.0,0.0,0.0,-0.0,0.0,0.0,1.0,1.0,1.0,0.0,-0.0,0.7,0.0,low,5313.0,4999.05,none
1770214100220,ETHUSDT,-1,0.0,-0.065,0.0,0.0,0.0,0.0,-0.0,0.0,0.0,1.0,1.0,1.0,0.0,-0.0,0.7,0.0,low,5313.0,4999.05,none
1770214100220,ETHUSDT,-1,0.0,-0.065,0.0,0.0,0.0,0.0,-0.0,0.0,0.0,1.0,1.0,1.0,0.0,-0.0,0.7,0.0,low,5839.0,5001.67,none
1770214100221,ETHUSDT,-1,0.0,-0.065,0.0,0.0,0.0,0.0,-0.0,0.0,0.0,1.0,1.0,1.0,0.0,-0.0,0.7,0.0,low,5198.0,5004.88,none
1770214100221,BTCUSDT,1,0.0,0.0502,0.0,0.0,0.0,0.0,-0.0,0.0,0.0,0.0,1.0,1.0,0.0,-0.0,0.7,0.0,low,381494.0,617301.0,none
1770214100221,BTCUSDT,1,0.0,0.0514,0.0,0.0,0.0,0.0,-0.0,0.0,0.0,0.0,1.0,1.0,0.0,-0.0,0.7,0.0,low,381494.0,617301.0,none
1770214100221,BTCUSDT,1,0.0,0.0526,0.0,0.0,0.0,0.0,-0.0,0.0,0.0,0.0,1.0,1.0,0.0,-0.0,0.7,0.0,low,381494.0,617301.0,none
1770214100221,BTCUSDT,1,0.0,0.0526,0.0,0.0,0.0,0.0,-0.0,0.0,0.0,0.0,1.0,1.0,0.0,-0.0,0.7,0.0,low,381494.0,617301.0,none
1770214100221,BTCUSDT,1,0.0,0.0526,0.0,0.0,0.0,0.0,-0.0,0.0,0.0,0.0,1.0,1.0,0.0,-0.0,0.7,0.0,low,381494.0,617301.0,none
1770214100405,ETHUSDT,-1,0.8925,-0.4234,0.0,0.528,0.0,0.0,0.0,1.0,0.0,1.0,1.0,1.0,0.0,-0.0,0.7,0.0,low,1.0,5030.86,enter
1770214100405,ETHUSDT,-1,0.0,-0.427,0.0,0.5359,0.0,0.0,0.0,1.0,0.0,1.0,1.0,1.0,0.0,-0.0,0.7,0.0,low,1.0,5030.86,none
1770214100406,BTCUSDT,1,0.0,0.0526,0.0,0.0,0.0,0.0,-0.0,0.0,0.0,0.0,1.0,1.0,0.0,-0.0,0.7,0.0,low,99537.0,628365.15,none
1770214100406,BTCUSDT,1,0.0,0.0526,0.0,0.0,0.0,0.0,-0.0,0.0,0.0,0.0,1.0,1.0,0.0,-0.0,0.7,0.0,low,99537.0,628365.15,none
1770214100406,BTCUSDT,1,0.0,0.0526,0.0,0.0,0.0,0.0,-0.0,0.0,0.0,0.0,1.0,1.0,0.0,-0.0,0.7,0.0,low,99537.0,628365.15,none
1770214100406,BTCUSDT,1,0.0,0.0526,0.0,0.0,0.0,0.0,-0.0,0.0,0.0,0.0,1.0,1.0,0.0,-0.0,0.7,0.0,low,99537.0,628365.15,none
1770214100406,BTCUSDT,1,0.0,0.0526,0.0,0.0,0.0,0.0,-0.0,0.0,0.0,0.0,1.0,1.0,0.0,-0.0,0.7,0.0,low,99537.0,628365.15,none
1770214100407,BTCUSDT,1,0.0,0.0538,0.0,0.0,0.0,0.0,-0.0,0.0,0.0,0.0,1.0,1.0,0.0,-0.0,0.7,0.0,low,99537.0,628365.15,none
1770214100407,BTCUSDT,1,0.0,0.055,0.0,0.0,0.0,0.0,-0.0,0.0,0.0,0.0,1.0,1.0,0.0,-0.0,0.7,0.0,low,99537.0,628365.15,none
1770214100407,BTCUSDT,1,0.0,0.055,0.0,0.0,0.0,0.0,-0.0,0.0,0.0,0.0,1.0,1.0,0.0,-0.0,0.7,0.0,low,99537.0,628365.15,none
1770214100407,BTCUSDT,1,0.0,0.055,0.0,0.0,0.0,0.0,-0.0,0.0,0.0,0.0,1.0,1.0,0.0,-0.0,0.7,0.0,low,99537.0,628365.15,none
1770214100407,BTCUSDT,1,0.0,0.055,0.0,0.0,0.0,0.0,-0.0,0.0,0.0,0.0,1.0,1.0,0.0,-0.0,0.7,0.0,low,99537.0,628365.15,none
1770214100407,BTCUSDT,1,0.0,0.055,0.0,0.0,0.0,0.0,-0.0,0.0,0.0,0.0,1.0,1.0,0.0,-0.0,0.7,0.0,low,99537.0,628365.15,none
1770214100408,BTCUSDT,1,0.0,0.055,0.0,0.0,0.0,0.0,-0.0,0.0,0.0,0.0,1.0,1.0,0.0,-0.0,0.7,0.0,low,99537.0,628365.15,none
1770214100408,BTCUSDT,1,0.0,0.055,0.0,0.0,0.0,0.0,-0.0,0.0,0.0,0.0,1.0,1.0,0.0,-0.0,0.7,0.0,low,99537.0,628365.15,none
1770214100573,ETHUSDT,-1,0.0,-0.4318,0.0,0.5359,0.0,0.0,0.0,1.0,0.0,1.0,1.0,1.0,0.0,-0.0,0.7,0.0,low,1.0,5030.86,none
1770214100697,BTCUSDT,1,0.0,0.055,0.0,0.0,0.0,0.0,-0.0,0.0,0.0,0.0,1.0,1.0,0.0,-0.0,0.7,0.0,low,99537.0,628365.15,none
1770214100718,BTCUSDT,1,0.0,0.055,0.0,0.0,0.0,0.0,-0.0,0.0,0.0,0.0,1.0,1.0,0.0,-0.0,0.7,0.0,low,99537.0,628365.15,none
1770214100820,BTCUSDT,1,0.0,0.055,0.0,0.0,0.0,0.0,-0.0,0.0,0.0,0.0,1.0,1.0,0.0,-0.0,0.7,0.0,low,99537.0,628365.15,none
1770214100823,BTCUSDT,1,0.0,0.055,0.0,0.0,0.0,0.0,-0.0,0.0,0.0,0.0,1.0,1.0,0.0,-0.0,0.7,0.0,low,99537.0,628365.15,none
1770214100823,BTCUSDT,1,0.0,0.055,0.0,0.0,0.0,0.0,-0.0,0.0,0.0,0.0,1.0,1.0,0.0,-0.0,0.7,0.0,low,99537.0,628365.15,none
1770214100838,BTCUSDT,1,0.0,0.055,0.0,0.0,0.0,0.0,-0.0,0.0,0.0,0.0,1.0,1.0,0.0,-0.0,0.7,0.0,low,99537.0,628365.15,none
1770214100882,BTCUSDT,1,0.0,0.055,0.0,0.0,0.0,0.0,-0.0,0.0,0.0,0.0,1.0,1.0,0.0,-0.0,0.7,0.0,low,99537.0,628365.15,none
1770214100882,BTCUSDT,1,0.0,0.055,0.0,0.0,0.0,0.0,-0.0,0.0,0.0,0.0,1.0,1.0,0.0,-0.0,0.7,0.0,low,99537.0,628365.15,none
1770214100899,BTCUSDT,1,0.0,0.055,0.0,0.0,0.0,0.0,-0.0,0.0,0.0,0.0,1.0,1.0,0.0,-0.0,0.7,0.0,low,99537.0,628365.15,none
1770214101278,ETHUSDT,-1,0.8222,-0.3063,0.0,0.5377,0.0,0.0,0.0,1.0,0.0,0.0,1.0,1.0,0.0,-0.0,0.7,0.0,low,1.0,5030.86,enter
1770214101288,ETHUSDT,-1,0.0,-0.3061,0.0,0.5371,0.0,0.0,0.0,1.0,0.0,0.0,1.0,1.0,0.0,-0.0,0.7,0.0,low,1.0,5030.86,none
1770214101818,ETHUSDT,-1,0.8221,-0.3061,0.0,0.5371,0.0,0.0,0.0,1.0,0.0,0.0,1.0,1.0,0.0,-0.0,0.7,0.0,low,1.0,5030.86,enter
1770214102317,ETHUSDT,-1,0.737,-0.2061,0.0,0.537,0.0,0.0,0.0,0.5,0.0,0.0,1.0,1.0,0.0,-0.0,0.7,0.0,low,1.0,5030.86,enter
1770214102317,BTCUSDT,1,0.0,0.049,0.0,0.0,0.0,0.0,-0.0,0.0,0.0,0.0,1.0,1.0,0.0,-0.0,0.7,0.0,low,99537.0,628365.15,none
1770214102318,BTCUSDT,1,0.0,0.0502,0.0,0.0,0.0,0.0,-0.0,0.0,0.0,0.0,1.0,1.0,0.0,-0.0,0.7,0.0,low,99537.0,628365.15,none
1770214102318,BTCUSDT,1,0.0,0.0514,0.0,0.0,0.0,0.0,-0.0,0.0,0.0,0.0,1.0,1.0,0.0,-0.0,0.7,0.0,low,99537.0,628365.15,none
1770214102318,BTCUSDT,1,0.0,0.0526,0.0,0.0,0.0,0.0,-0.0,0.0,0.0,0.0,1.0,1.0,0.0,-0.0,0.7,0.0,low,99537.0,628365.15,none
1770214102318,BTCUSDT,1,0.0,0.0526,0.0,0.0,0.0,0.0,-0.0,0.0,0.0,0.0,1.0,1.0,0.0,-0.0,0.7,0.0,low,99537.0,628365.15,none
1770214102318,ETHUSDT,-1,0.0,-0.2099,0.0,0.5375,0.0,0.0,0.0,0.5,0.0,0.0,0.3333,0.3333,0.0,-0.0,0.7,0.0,low,1.0,5030.86,none
1770214102319,BTCUSDT,1,0.0,0.0538,0.0,0.0,0.0,0.0,-0.0,0.0,0.0,0.0,1.0,1.0,0.0,-0.0,0.7,0.0,low,99537.0,628365.15,none
1770214102319,BTCUSDT,1,0.0,0.0538,0.0,0.0,0.0,0.0,-0.0,0.0,0.0,0.0,1.0,1.0,0.0,-0.0,0.7,0.0,low,129874.0,629882.0,none
1770214102319,ETHUSDT,-1,0.0,-0.2098,0.0,0.5374,0.0,0.0,0.0,0.5,0.0,0.0,0.3333,0.3333,0.0,-0.0,0.7,0.0,low,1.0,5030.86,none
1770214102319,ETHUSDT,-1,0.0,-0.2086,0.0,0.5374,0.0,0.0,0.0,0.5,0.0,0.0,0.3333,0.3333,0.0,-0.0,0.7,0.0,low,1.0,5030.86,none
1770214102319,ETHUSDT,-1,0.0,-0.2074,0.0,0.5374,0.0,0.0,0.0,0.5,0.0,0.0,0.3333,0.3333,0.0,-0.0,0.7,0.0,low,1.0,5030.86,none
1770214102319,ETHUSDT,-1,0.0,-0.2062,0.0,0.5374,0.0,0.0,0.0,0.5,0.0,0.0,0.3333,0.3333,0.0,-0.0,0.7,0.0,low,1.0,5030.86,none
1770214102320,ETHUSDT,-1,0.0,-0.2062,0.0,0.5373,0.0,0.0,0.0,0.5,0.0,0.0,0.3333,0.3333,0.0,-0.0,0.7,0.0,low,1.0,5030.86,none
1770214102320,BTCUSDT,1,0.0,0.0538,0.0,0.0,0.0,0.0,-0.0,0.0,0.0,0.0,1.0,1.0,0.0,-0.0,0.7,0.0,low,129874.0,629882.0,none
1770214102320,BTCUSDT,1,0.0,0.055,0.0,0.0,0.0,0.0,-0.0,0.0,0.0,0.0,1.0,1.0,0.0,-0.0,0.7,0.0,low,129874.0,629882.0,none
1770214102320,BTCUSDT,1,0.0,0.055,0.0,0.0,0.0,0.0,-0.0,0.0,0.0,0.0,1.0,1.0,0.0,-0.0,0.7,0.0,low,129874.0,629882.0,none
1770214102320,BTCUSDT,1,0.0,0.055,0.0,0.0,0.0,0.0,-0.0,0.0,0.0,0.0,1.0,1.0,0.0,-0.0,0.7,0.0,low,129874.0,629882.0,none
1770214102321,BTCUSDT,1,0.0,0.055,0.0,0.0,0.0,0.0,-0.0,0.0,0.0,0.0,1.0,1.0,0.0,-0.0,0.7,0.0,low,129874.0,629882.0,none
1770214102342,ETHUSDT,-1,0.0,-0.2062,0.0,0.5374,0.0,0.0,0.0,0.5,0.0,0.0,0.3333,0.3333,0.0,-0.0,0.7,0.0,low,1.0,5030.86,none
1770214102543,ETHUSDT,-1,0.7371,-0.2062,0.0,0.5374,0.0,0.0,0.0,0.5,0.0,0.0,0.3333,0.3333,0.0,-0.0,0.7,0.0,low,1.0,5030.86,enter
1770214102543,ETHUSDT,-1,0.0,-0.2329,0.0,0.5374,0.0,0.0,0.0,0.5,0.0,0.0,0.0,0.3333,0.0,-0.0,0.7,0.0,low,1.0,5030.86,none
1770214102543,ETHUSDT,-1,0.0,-0.2329,0.0,0.5373,0.0,0.0,0.0,0.5,0.0,0.0,0.0,0.3333,0.0,-0.0,0.7,0.0,low,1.0,5030.86,none
1770214102544,ETHUSDT,-1,0.0,-0.2329,0.0,0.5373,0.0,0.0,0.0,0.5,0.0,0.0,0.0,0.3333,0.0,-0.0,0.7,0.0,low,1.0,5030.86,none
1770214102544,ETHUSDT,-1,0.0,-0.2329,0.0,0.5373,0.0,0.0,0.0,0.5,0.0,0.0,0.0,0.3333,0.0,-0.0,0.7,0.0,low,1.0,5030.86,none
1770214102544,ETHUSDT,-1,0.0,-0.2329,0.0,0.5373,0.0,0.0,0.0,0.5,0.0,0.0,0.0,0.3333,0.0,-0.0,0.7,0.0,low,1.0,5030.86,none
1770214102545,ETHUSDT,-1,0.0,-0.233,0.0,0.5378,0.0,0.0,0.0,0.5,0.0,0.0,0.0,0.3333,0.0,-0.0,0.7,0.0,low,1.0,5030.86,none
1770214102558,BTCUSDT,1,0.0,0.1326,0.0,0.0,0.0,0.0,-0.0,0.0,0.0,0.0,1.0,0.0,0.0,-0.0,0.7,0.0,low,129874.0,629882.0,none
1770214102578,BTCUSDT,1,0.0,0.1326,0.0,0.0,0.0,0.0,-0.0,0.0,0.0,0.0,1.0,0.0,0.0,-0.0,0.7,0.0,low,129874.0,629882.0,none
1770214102655,BTCUSDT,1,0.0,0.1338,0.0,0.0,0.0,0.0,-0.0,0.0,0.0,0.0,1.0,0.0,0.0,-0.0,0.7,0.0,low,129874.0,629882.0,none
1770214102655,BTCUSDT,1,0.0,0.135,0.0,0.0,0.0,0.0,-0.0,0.0,0.0,0.0,1.0,0.0,0.0,-0.0,0.7,0.0,low,129874.0,629882.0,none
1770214102656,BTCUSDT,1,0.0,0.135,0.0,0.0,0.0,0.0,-0.0,0.0,0.0,0.0,1.0,0.0,0.0,-0.0,0.7,0.0,low,129874.0,629882.0,none
1770214102658,BTCUSDT,1,0.0,0.135,0.0,0.0,0.0,0.0,-0.0,0.0,0.0,0.0,1.0,0.0,0.0,-0.0,0.7,0.0,low,129874.0,629882.0,none
1770214103040,ETHUSDT,-1,0.7372,-0.2063,0.0,0.5376,0.0,0.0,0.0,0.5,0.0,0.0,0.0,0.0,0.0,-0.0,0.7,0.0,low,1.0,5030.86,enter
1770214103097,BTCUSDT,1,0.0,0.1326,0.0,0.0,0.0,0.0,-0.0,0.0,0.0,0.0,1.0,0.0,0.0,-0.0,0.7,0.0,low,129874.0,629882.0,none
1770214103185,BTCUSDT,1,0.0,0.1338,0.0,0.0,0.0,0.0,-0.0,0.0,0.0,0.0,1.0,0.0,0.0,-0.0,0.7,0.0,low,129874.0,629882.0,none
1770214103185,BTCUSDT,1,0.0,0.135,0.0,0.0,0.0,0.0,-0.0,0.0,0.0,0.0,1.0,0.0,0.0,-0.0,0.7,0.0,low,129874.0,629882.0,none
1770214103187,BTCUSDT,1,0.0,0.135,0.0,0.0,0.0,0.0,-0.0,0.0,0.0,0.0,1.0,0.0,0.0,-0.0,0.7,0.0,low,129874.0,629882.0,none
1770214103198,BTCUSDT,1,0.0,0.135,0.0,0.0,0.0,0.0,-0.0,0.0,0.0,0.0,1.0,0.0,0.0,-0.0,0.7,0.0,low,129874.0,629882.0,none
1770214103392,ETHUSDT,-1,0.0,-0.2087,0.0,0.5376,0.0,0.0,0.0,0.5,0.0,0.0,0.0,0.0,0.0,-0.0,0.7,0.0,low,1.0,5030.86,none
1770214103892,ETHUSDT,-1,0.7384,-0.2075,0.0,0.5376,0.0,0.0,0.0,0.5,0.0,0.0,0.0,0.0,0.0,-0.0,0.7,0.0,low,1.0,5030.86,enter
1770214103893,BTCUSDT,1,0.0,0.1326,0.0,0.0,0.0,0.0,-0.0,0.0,0.0,0.0,1.0,0.0,0.0,-0.0,0.7,0.0,low,129874.0,629882.0,none
1770214103893,BTCUSDT,1,0.0,0.1326,0.0,0.0,0.0,0.0,-0.0,0.0,0.0,0.0,1.0,0.0,0.0,-0.0,0.7,0.0,low,129874.0,629882.0,none
1770214103893,BTCUSDT,1,0.0,0.1338,0.0,0.0,0.0,0.0,-0.0,0.0,0.0,0.0,1.0,0.0,0.0,-0.0,0.7,0.0,low,129874.0,629882.0,none
1770214103893,BTCUSDT,1,0.0,0.135,0.0,0.0,0.0,0.0,-0.0,0.0,0.0,0.0,1.0,0.0,0.0,-0.0,0.7,0.0,low,129874.0,629882.0,none
1770214103894,BTCUSDT,1,0.0,0.135,0.0,0.0,0.0,0.0,-0.0,0.0,0.0,0.0,1.0,0.0,0.0,-0.0,0.7,0.0,low,129874.0,629882.0,none
1770214103894,ETHUSDT,-1,0.6312,-0.1075,0.0,0.5376,0.0,0.0,-0.0,0.0,0.0,0.0,0.0,0.0,0.0,-0.0,0.7,0.0,low,1.0,5030.86,none
1770214103894,ETHUSDT,-1,0.6298,-0.1063,0.0,0.5376,0.0,0.0,-0.0,0.0,0.0,0.0,0.0,0.0,0.0,-0.0,0.7,0.0,low,1.0,5030.86,none
1770214103894,ETHUSDT,-1,0.6298,-0.1063,0.0,0.5376,0.0,0.0,-0.0,0.0,0.0,0.0,0.0,0.0,0.0,-0.0,0.7,0.0,low,1.0,5030.86,none
1770214103912,ETHUSDT,-1,0.6298,-0.1063,0.0,0.5376,0.0,0.0,-0.0,0.0,0.0,0.0,0.0,0.0,0.0,-0.0,0.7,0.0,low,1.0,5030.86,none
1770214104104,ETHUSDT,-1,0.7561,-0.2263,0.0,0.5376,0.0,0.0,-0.0,0.0,0.0,1.0,0.0,0.0,0.0,-0.0,0.7,0.0,low,1.0,5030.86,enter
1770214104105,ETHUSDT,-1,0.0,-0.2263,0.0,0.5376,0.0,0.0,-0.0,0.0,0.0,1.0,0.0,0.0,0.0,-0.0,0.7,0.0,low,1.0,5030.86,none
1770214104105,ETHUSDT,-1,0.0,-0.2263,0.0,0.5376,0.0,0.0,-0.0,0.0,0.0,1.0,0.0,0.0,0.0,-0.0,0.7,0.0,low,1.0,5030.86,none
1770214104105,ETHUSDT,-1,0.0,-0.2263,0.0,0.5376,0.0,0.0,-0.0,0.0,0.0,1.0,0.0,0.0,0.0,-0.0,0.7,0.0,low,1.0,5030.86,none
1770214104106,ETHUSDT,-1,0.0,-0.2263,0.0,0.5376,0.0,0.0,-0.0,0.0,0.0,1.0,0.0,0.0,0.0,-0.0,0.7,0.0,low,1.0,5030.86,none
1770214104106,ETHUSDT,-1,0.0,-0.2263,0.0,0.5376,0.0,0.0,-0.0,0.0,0.0,1.0,0.0,0.0,0.0,-0.0,0.7,0.0,low,1.0,5030.86,none
1770214104106,ETHUSDT,-1,0.0,-0.2263,0.0,0.5376,0.0,0.0,-0.0,0.0,0.0,1.0,0.0,0.0,0.0,-0.0,0.7,0.0,low,1.0,5030.86,none
1770214104106,ETHUSDT,-1,0.0,-0.2263,0.0,0.5376,0.0,0.0,-0.0,0.0,0.0,1.0,0.0,0.0,0.0,-0.0,0.7,0.0,low,1.0,5030.86,none
1770214104107,ETHUSDT,-1,0.0,-0.2263,0.0,0.5376,0.0,0.0,-0.0,0.0,0.0,1.0,0.0,0.0,0.0,-0.0,0.7,0.0,low,1.0,5030.86,none
1770214104107,ETHUSDT,-1,0.0,-0.2263,0.0,0.5376,0.0,0.0,-0.0,0.0,0.0,1.0,0.0,0.0,0.0,-0.0,0.7,0.0,low,1.0,5030.86,none
1770214104107,ETHUSDT,-1,0.0,-0.2263,0.0,0.5376,0.0,0.0,-0.0,0.0,0.0,1.0,0.0,0.0,0.0,-0.0,0.7,0.0,low,1.0,5030.86,none
1770214104107,ETHUSDT,-1,0.0,-0.2263,0.0,0.5376,0.0,0.0,-0.0,0.0,0.0,1.0,0.0,0.0,0.0,-0.0,0.7,0.0,low,1.0,5030.86,none
1770214104108,ETHUSDT,-1,0.0,-0.2263,0.0,0.5376,0.0,0.0,-0.0,0.0,0.0,1.0,0.0,0.0,0.0,-0.0,0.7,0.0,low,1.0,5030.86,none
1770214104108,ETHUSDT,-1,0.0,-0.2263,0.0,0.5376,0.0,0.0,-0.0,0.0,0.0,1.0,0.0,0.0,0.0,-0.0,0.7,0.0,low,1.0,5030.86,none
1770214104108,ETHUSDT,-1,0.0,-0.2263,0.0,0.5376,0.0,0.0,-0.0,0.0,0.0,1.0,0.0,0.0,0.0,-0.0,0.7,0.0,low,1.0,5030.86,none
1770214104109,ETHUSDT,-1,0.0,-0.2263,0.0,0.5376,0.0,0.0,-0.0,0.0,0.0,1.0,0.0,0.0,0.0,-0.0,0.7,0.0,low,1.0,5030.86,none
1770214104109,ETHUSDT,-1,0.0,-0.2263,0.0,0.5376,0.0,0.0,-0.0,0.0,0.0,1.0,0.0,0.0,0.0,-0.0,0.7,0.0,low,1.0,5030.86,none
1770214104109,ETHUSDT,-1,0.0,-0.2263,0.0,0.5376,0.0,0.0,-0.0,0.0,0.0,1.0,0.0,0.0,0.0,-0.0,0.7,0.0,low,1.0,5030.86,none
1770214104109,ETHUSDT,-1,0.0,-0.2263,0.0,0.5376,0.0,0.0,-0.0,0.0,0.0,1.0,0.0,0.0,0.0,-0.0,0.7,0.0,low,1.0,5030.86,none
1770214104110,ETHUSDT,-1,0.0,-0.2263,0.0,0.5376,0.0,0.0,-0.0,0.0,0.0,1.0,0.0,0.0,0.0,-0.0,0.7,0.0,low,1.0,5030.86,none
1770214104110,ETHUSDT,-1,0.0,-0.2263,0.0,0.5376,0.0,0.0,-0.0,0.0,0.0,1.0,0.0,0.0,0.0,-0.0,0.7,0.0,low,1.0,5030.86,none
1770214104110,ETHUSDT,-1,0.0,-0.2263,0.0,0.5376,0.0,0.0,-0.0,0.0,0.0,1.0,0.0,0.0,0.0,-0.0,0.7,0.0,low,1.0,5030.86,none
1770214104110,ETHUSDT,-1,0.0,-0.065,0.0,0.0,0.0,0.0,-0.0,0.0,0.0,1.0,1.0,1.0,0.0,-0.0,0.7,0.0,low,297.0,4828.16,none
1770214104111,ETHUSDT,-1,0.0,-0.065,0.0,0.0,0.0,0.0,-0.0,0.0,0.0,1.0,1.0,1.0,0.0,-0.0,0.7,0.0,low,297.0,4828.16,none
1770214104112,ETHUSDT,-1,0.0,-0.065,0.0,0.0,0.0,0.0,-0.0,0.0,0.0,1.0,1.0,1.0,0.0,-0.0,0.7,0.0,low,297.0,4828.16,none
1770214104138,BTCUSDT,1,0.0,0.1314,0.0,0.0,0.0,0.0,-0.0,0.0,0.0,0.0,1.0,0.0,0.0,-0.0,0.7,0.0,low,2599.0,623518.25,none
1770214104292,ETHUSDT,-1,0.0,-0.065,0.0,0.0,0.0,0.0,-0.0,0.0,0.0,1.0,1.0,1.0,0.0,-0.0,0.7,0.0,low,297.0,4828.16,none
1770214104406,ETHUSDT,-1,0.0,-0.065,0.0,0.0,0.0,0.0,-0.0,0.0,0.0,1.0,1.0,1.0,0.0,-0.0,0.7,0.0,low,297.0,4828.16,none
1770214104407,ETHUSDT,-1,0.0,-0.065,0.0,0.0,0.0,0.0,-0.0,0.0,0.0,1.0,1.0,1.0,0.0,-0.0,0.7,0.0,low,297.0,4828.16,none
1770214104412,ETHUSDT,-1,0.0,-0.065,0.0,0.0,0.0,0.0,-0.0,0.0,0.0,1.0,1.0,1.0,0.0,-0.0,0.7,0.0,low,297.0,4828.16,none
1770214104529,ETHUSDT,-1,0.0,-0.065,0.0,0.0,0.0,0.0,-0.0,0.0,0.0,1.0,1.0,1.0,0.0,-0.0,0.7,0.0,low,297.0,4828.16,none
1770214104529,ETHUSDT,-1,0.0,-0.065,0.0,0.0,0.0,0.0,-0.0,0.0,0.0,1.0,1.0,1.0,0.0,-0.0,0.7,0.0,low,297.0,4828.16,none
1770214104530,ETHUSDT,-1,0.0,-0.065,0.0,0.0,0.0,0.0,-0.0,0.0,0.0,1.0,1.0,1.0,0.0,-0.0,0.7,0.0,low,297.0,4828.16,none
1770214104530,ETHUSDT,-1,0.0,-0.065,0.0,0.0,0.0,0.0,-0.0,0.0,0.0,1.0,1.0,1.0,0.0,-0.0,0.7,0.0,low,297.0,4828.16,none
1770214104530,ETHUSDT,-1,0.0,-0.065,0.0,0.0,0.0,0.0,-0.0,0.0,0.0,1.0,1.0,1.0,0.0,-0.0,0.7,0.0,low,297.0,4828.16,none
1770214104530,ETHUSDT,-1,0.0,-0.065,0.0,0.0,0.0,0.0,-0.0,0.0,0.0,1.0,1.0,1.0,0.0,-0.0,0.7,0.0,low,297.0,4828.16,none
1770214104531,ETHUSDT,-1,0.0,-0.065,0.0,0.0,0.0,0.0,-0.0,0.0,0.0,1.0,1.0,1.0,0.0,-0.0,0.7,0.0,low,297.0,4828.16,none
1770214104531,ETHUSDT,-1,0.0,-0.065,0.0,0.0,0.0,0.0,-0.0,0.0,0.0,1.0,1.0,1.0,0.0,-0.0,0.7,0.0,low,297.0,4828.16,none
1770214104533,ETHUSDT,-1,0.0,-0.065,0.0,0.0,0.0,0.0,-0.0,0.0,0.0,1.0,1.0,1.0,0.0,-0.0,0.7,0.0,low,7998.0,4789.65,none
1770214104554,ETHUSDT,-1,0.0,-0.065,0.0,0.0,0.0,0.0,-0.0,0.0,0.0,1.0,1.0,1.0,0.0,-0.0,0.7,0.0,low,7998.0,4789.65,none
1770214104678,BTCUSDT,1,0.0,0.129,0.0,0.0,0.0,0.0,-0.0,0.0,0.0,0.0,1.0,0.0,0.0,-0.0,0.7,0.0,low,2599.0,623518.25,none
1770214104774,BTCUSDT,1,0.0,0.1302,0.0,0.0,0.0,0.0,-0.0,0.0,0.0,0.0,1.0,0.0,0.0,-0.0,0.7,0.0,low,2599.0,623518.25,none
1770214104778,BTCUSDT,1,0.0,0.1302,0.0,0.0,0.0,0.0,-0.0,0.0,0.0,0.0,1.0,0.0,0.0,-0.0,0.7,0.0,low,2599.0,623518.25,none
1770214104931,ETHUSDT,-1,0.0,-0.4233,0.0,0.5278,0.0,0.0,0.0,1.0,0.0,1.0,1.0,1.0,0.0,-0.0,0.7,0.0,low,1.0,4829.64,none
1770214105139,BTCUSDT,1,0.0,0.0502,0.0,0.0,0.0,0.0,-0.0,0.0,0.0,0.0,1.0,1.0,0.0,-0.0,0.7,0.0,low,2599.0,623518.25,none
1770214105198,BTCUSDT,1,0.0,0.0502,0.0,0.0,0.0,0.0,-0.0,0.0,0.0,0.0,1.0,1.0,0.0,-0.0,0.7,0.0,low,2599.0,623518.25,none
1770214105218,BTCUSDT,1,0.0,0.0502,0.0,0.0,0.0,0.0,-0.0,0.0,0.0,0.0,1.0,1.0,0.0,-0.0,0.7,0.0,low,2599.0,623518.25,none
1770214105276,BTCUSDT,1,0.0,0.0514,0.0,0.0,0.0,0.0,-0.0,0.0,0.0,0.0,1.0,1.0,0.0,-0.0,0.7,0.0,low,2599.0,623518.25,none
1770214105277,BTCUSDT,1,0.0,0.0526,0.0,0.0,0.0,0.0,-0.0,0.0,0.0,0.0,1.0,1.0,0.0,-0.0,0.7,0.0,low,2599.0,623518.25,none
1770214105277,BTCUSDT,1,0.0,0.0538,0.0,0.0,0.0,0.0,-0.0,0.0,0.0,0.0,1.0,1.0,0.0,-0.0,0.7,0.0,low,2599.0,623518.25,none
1770214105278,BTCUSDT,1,0.0,0.0538,0.0,0.0,0.0,0.0,-0.0,0.0,0.0,0.0,1.0,1.0,0.0,-0.0,0.7,0.0,low,2599.0,623518.25,none
1770214105677,ETHUSDT,-1,0.8959,-0.4305,0.0,0.5357,0.0,0.0,0.0,1.0,0.0,1.0,1.0,1.0,0.0,-0.0,0.7,0.0,low,1.0,4829.64,enter
1770214105863,ETHUSDT,-1,0.8953,-0.4293,0.0,0.5357,0.0,0.0,0.0,1.0,0.0,1.0,1.0,1.0,0.0,-0.0,0.7,0.0,low,1.0,4829.64,enter
1770214106392,ETHUSDT,-1,0.8244,-0.3093,0.0,0.5357,0.0,0.0,0.0,1.0,0.0,0.0,1.0,1.0,0.0,-0.0,0.7,0.0,low,1.0,4829.64,enter
1770214106923,ETHUSDT,-1,0.8235,-0.3081,0.0,0.5357,0.0,0.0,0.0,1.0,0.0,0.0,1.0,1.0,0.0,-0.0,0.7,0.0,low,1.0,4829.64,enter
1770214106924,ETHUSDT,-1,0.0,-0.2117,0.0,0.5357,0.0,0.0,0.0,0.5,0.0,0.0,1.0,1.0,0.0,-0.0,0.7,0.0,low,1.0,4829.64,none
1770214106924,BTCUSDT,1,0.0,0.049,0.0,0.0,0.0,0.0,-0.0,0.0,0.0,0.0,1.0,1.0,0.0,-0.0,0.7,0.0,low,2599.0,623518.25,none
1770214106924,BTCUSDT,1,0.0,0.049,0.0,0.0,0.0,0.0,-0.0,0.0,0.0,0.0,1.0,1.0,0.0,-0.0,0.7,0.0,low,2599.0,623518.25,none
1770214106924,BTCUSDT,1,0.0,0.049,0.0,0.0,0.0,0.0,-0.0,0.0,0.0,0.0,1.0,1.0,0.0,-0.0,0.7,0.0,low,2599.0,623518.25,none
1770214106925,ETHUSDT,-1,0.0,-0.2105,0.0,0.5357,0.0,0.0,0.0,0.5,0.0,0.0,1.0,1.0,0.0,-0.0,0.7,0.0,low,1.0,4829.64,none
1770214106925,ETHUSDT,-1,0.0,-0.2093,0.0,0.5357,0.0,0.0,0.0,0.5,0.0,0.0,1.0,1.0,0.0,-0.0,0.7,0.0,low,1.0,4829.64,none
1770214106925,ETHUSDT,-1,0.0,-0.2081,0.0,0.5357,0.0,0.0,0.0,0.5,0.0,0.0,1.0,1.0,0.0,-0.0,0.7,0.0,low,1.0,4829.64,none
1770214106925,ETHUSDT,-1,0.0,-0.2081,0.0,0.5357,0.0,0.0,0.0,0.5,0.0,0.0,1.0,1.0,0.0,-0.0,0.7,0.0,low,1.0,4829.64,none
1770214106925,ETHUSDT,-1,0.0,-0.2069,0.0,0.5357,0.0,0.0,0.0,0.5,0.0,0.0,1.0,1.0,0.0,-0.0,0.7,0.0,low,1.0,4829.64,none
1770214106926,ETHUSDT,-1,0.0,-0.2057,0.0,0.5357,0.0,0.0,0.0,0.5,0.0,0.0,1.0,1.0,0.0,-0.0,0.7,0.0,low,1.0,4829.64,none
1770214106926,ETHUSDT,-1,0.0,-0.2057,0.0,0.5357,0.0,0.0,0.0,0.5,0.0,0.0,1.0,1.0,0.0,-0.0,0.7,0.0,low,1.0,4829.64,none
1770214106926,ETHUSDT,-1,0.0,-0.2057,0.0,0.5357,0.0,0.0,0.0,0.5,0.0,0.0,1.0,1.0,0.0,-0.0,0.7,0.0,low,1.0,4829.64,none
1770214106926,ETHUSDT,-1,0.0,-0.2057,0.0,0.5357,0.0,0.0,0.0,0.5,0.0,0.0,1.0,1.0,0.0,-0.0,0.7,0.0,low,1.0,4829.64,none
1770214106926,ETHUSDT,-1,0.0,-0.2063,0.0,0.5375,0.0,0.0,0.0,0.5,0.0,0.0,1.0,1.0,0.0,-0.0,0.7,0.0,low,1.0,4829.64,none
1770214106926,BTCUSDT,1,0.0,0.049,0.0,0.0,0.0,0.0,-0.0,0.0,0.0,0.0,1.0,1.0,0.0,-0.0,0.7,0.0,low,2599.0,623518.25,none
1770214106927,BTCUSDT,1,0.0,0.049,0.0,0.0,0.0,0.0,-0.0,0.0,0.0,0.0,1.0,1.0,0.0,-0.0,0.7,0.0,low,2599.0,623518.25,none
1770214106927,BTCUSDT,1,0.0,0.049,0.0,0.0,0.0,0.0,-0.0,0.0,0.0,0.0,1.0,1.0,0.0,-0.0,0.7,0.0,low,2599.0,623518.25,none
1770214106927,BTCUSDT,1,0.0,0.049,0.0,0.0,0.0,0.0,-0.0,0.0,0.0,0.0,1.0,1.0,0.0,-0.0,0.7,0.0,low,2599.0,623518.25,none
1770214106927,BTCUSDT,1,0.0,0.049,0.0,0.0,0.0,0.0,-0.0,0.0,0.0,0.0,1.0,1.0,0.0,-0.0,0.7,0.0,low,2599.0,623518.25,none
1770214106927,BTCUSDT,1,0.0,0.049,0.0,0.0,0.0,0.0,-0.0,0.0,0.0,0.0,1.0,1.0,0.0,-0.0,0.7,0.0,low,2599.0,623518.25,none
1770214106927,ETHUSDT,-1,0.0,-0.2061,0.0,0.5369,0.0,0.0,0.0,0.5,0.0,0.0,1.0,1.0,0.0,-0.0,0.7,0.0,low,1.0,4829.64,none
1770214106928,ETHUSDT,-1,0.0,-0.2061,0.0,0.5369,0.0,0.0,0.0,0.5,0.0,0.0,1.0,1.0,0.0,-0.0,0.7,0.0,low,1.0,4829.64,none
1770214106928,ETHUSDT,-1,0.0,-0.2062,0.0,0.5374,0.0,0.0,0.0,0.5,0.0,0.0,1.0,1.0,0.0,-0.0,0.7,0.0,low,1.0,4829.64,none
1770214106928,ETHUSDT,-1,0.0,-0.2062,0.0,0.5372,0.0,0.0,0.0,0.5,0.0,0.0,1.0,1.0,0.0,-0.0,0.7,0.0,low,1.0,4829.64,none
1770214106928,ETHUSDT,-1,0.0,-0.2062,0.0,0.5372,0.0,0.0,0.0,0.5,0.0,0.0,1.0,1.0,0.0,-0.0,0.7,0.0,low,1.0,4829.64,none
1770214106928,ETHUSDT,-1,0.0,-0.2062,0.0,0.5372,0.0,0.0,0.0,0.5,0.0,0.0,1.0,1.0,0.0,-0.0,0.7,0.0,low,1.0,4829.64,none
1770214106929,ETHUSDT,-1,0.0,-0.2061,0.0,0.5372,0.0,0.0,0.0,0.5,0.0,0.0,1.0,1.0,0.0,-0.0,0.7,0.0,low,1.0,4829.64,none
1770214107052,ETHUSDT,-1,0.0,-0.2062,0.0,0.5372,0.0,0.0,0.0,0.5,0.0,0.0,0.0,0.0,0.0,-0.0,0.7,0.0,low,1.0,4829.64,none
1770214107232,ETHUSDT,-1,0.0,-0.2062,0.0,0.5374,0.0,0.0,0.0,0.5,0.0,0.0,0.0,0.0,0.0,-0.0,0.7,0.0,low,1.0,4829.64,none
1770214107503,ETHUSDT,-1,0.7371,-0.2062,0.0,0.5373,0.0,0.0,0.0,0.5,0.0,0.0,0.0,0.0,0.0,-0.0,0.7,0.0,low,1.0,4829.64,enter
1770214107503,ETHUSDT,-1,0.0,-0.2062,0.0,0.5373,0.0,0.0,0.0,0.5,0.0,0.0,0.0,0.0,0.0,-0.0,0.7,0.0,low,1.0,4829.64,none
1770214107605,ETHUSDT,-1,0.0,-0.2062,0.0,0.5373,0.0,0.0,0.0,0.5,0.0,0.0,0.0,0.0,0.0,-0.0,0.7,0.0,low,1.0,4829.64,none
1770214108135,ETHUSDT,-1,0.7371,-0.2062,0.0,0.5373,0.0,0.0,0.0,0.5,0.0,0.0,0.0,0.0,0.0,-0.0,0.7,0.0,low,1.0,4829.64,enter
1770214108136,ETHUSDT,-1,0.0,-0.2064,0.0,0.5379,0.0,0.0,0.0,0.5,0.0,0.0,0.0,0.0,0.0,-0.0,0.7,0.0,low,1.0,4829.64,none
1770214108136,ETHUSDT,-1,0.0,-0.2063,0.0,0.5377,0.0,0.0,0.0,0.5,0.0,0.0,0.0,0.0,0.0,-0.0,0.7,0.0,low,1.0,4829.64,none
1770214108136,ETHUSDT,-1,0.0,-0.2063,0.0,0.5377,0.0,0.0,0.0,0.5,0.0,0.0,0.0,0.0,0.0,-0.0,0.7,0.0,low,1.0,4829.64,none
1770214108137,ETHUSDT,-1,0.0,-0.2063,0.0,0.5377,0.0,0.0,0.0,0.5,0.0,0.0,0.0,0.0,0.0,-0.0,0.7,0.0,low,1.0,4829.64,none
1770214108452,ETHUSDT,-1,0.6298,-0.1063,0.0,0.5377,0.0,0.0,-0.0,0.0,0.0,0.0,0.0,0.0,0.0,-0.0,0.7,0.0,low,1.0,4829.64,none
1770214108858,BTCUSDT,1,0.0,0.0502,0.0,0.0,0.0,0.0,-0.0,0.0,0.0,0.0,1.0,1.0,0.0,-0.0,0.7,0.0,low,2599.0,623518.25,none
1770214108933,ETHUSDT,-1,0.0,-0.065,0.0,0.0,0.0,0.0,-0.0,0.0,0.0,1.0,1.0,1.0,0.0,-0.0,0.7,0.0,low,775.0,4632.59,none
1770214108953,ETHUSDT,-1,0.0,-0.065,0.0,0.0,0.0,0.0,-0.0,0.0,0.0,1.0,1.0,1.0,0.0,-0.0,0.7,0.0,low,775.0,4632.59,none
1770214108963,ETHUSDT,-1,0.0,-0.065,0.0,0.0,0.0,0.0,-0.0,0.0,0.0,1.0,1.0,1.0,0.0,-0.0,0.7,0.0,low,775.0,4632.59,none
1770214108964,ETHUSDT,-1,0.0,-0.065,0.0,0.0,0.0,0.0,-0.0,0.0,0.0,1.0,1.0,1.0,0.0,-0.0,0.7,0.0,low,775.0,4632.59,none
1770214108964,ETHUSDT,-1,0.0,-0.065,0.0,0.0,0.0,0.0,-0.0,0.0,0.0,1.0,1.0,1.0,0.0,-0.0,0.7,0.0,low,775.0,4632.59,none
1770214108973,ETHUSDT,-1,0.0,-0.065,0.0,0.0,0.0,0.0,-0.0,0.0,0.0,1.0,1.0,1.0,0.0,-0.0,0.7,0.0,low,775.0,4632.59,none
1770214109137,BTCUSDT,1,0.0,0.055,0.0,0.0,0.0,0.0,-0.0,0.0,0.0,0.0,1.0,1.0,0.0,-0.0,0.7,0.0,low,129490.0,604700.8,none
1770214109210,BTCUSDT,1,0.0,0.055,0.0,0.0,0.0,0.0,-0.0,0.0,0.0,0.0,1.0,1.0,0.0,-0.0,0.7,0.0,low,129490.0,604700.8,none
1770214109210,BTCUSDT,1,0.0,0.055,0.0,0.0,0.0,0.0,-0.0,0.0,0.0,0.0,1.0,1.0,0.0,-0.0,0.7,0.0,low,129490.0,604700.8,none
1770214109218,BTCUSDT,1,0.0,0.055,0.0,0.0,0.0,0.0,-0.0,0.0,0.0,0.0,1.0,1.0,0.0,-0.0,0.7,0.0,low,129490.0,604700.8,none
1770214109492,ETHUSDT,-1,0.0,-0.065,0.0,0.0,0.0,0.0,-0.0,0.0,0.0,1.0,1.0,1.0,0.0,-0.0,0.7,0.0,low,775.0,4632.59,none
1770214109553,ETHUSDT,-1,0.0,-0.065,0.0,0.0,0.0,0.0,-0.0,0.0,0.0,1.0,1.0,1.0,0.0,-0.0,0.7,0.0,low,775.0,4632.59,none
1770214109629,ETHUSDT,-1,0.0,-0.065,0.0,0.0,0.0,0.0,-0.0,0.0,0.0,1.0,1.0,1.0,0.0,-0.0,0.7,0.0,low,775.0,4632.59,none
1770214109630,ETHUSDT,-1,0.0,-0.065,0.0,0.0,0.0,0.0,-0.0,0.0,0.0,1.0,1.0,1.0,0.0,-0.0,0.7,0.0,low,775.0,4632.59,none
1770214109630,ETHUSDT,-1,0.0,-0.065,0.0,0.0,0.0,0.0,-0.0,0.0,0.0,1.0,1.0,1.0,0.0,-0.0,0.7,0.0,low,775.0,4632.59,none
1770214109630,ETHUSDT,-1,0.0,-0.065,0.0,0.0,0.0,0.0,-0.0,0.0,0.0,1.0,1.0,1.0,0.0,-0.0,0.7,0.0,low,775.0,4632.59,none
1770214109631,ETHUSDT,-1,0.0,-0.065,0.0,0.0,0.0,0.0,-0.0,0.0,0.0,1.0,1.0,1.0,0.0,-0.0,0.7,0.0,low,775.0,4632.59,none
1770214109631,ETHUSDT,-1,0.0,-0.065,0.0,0.0,0.0,0.0,-0.0,0.0,0.0,1.0,1.0,1.0,0.0,-0.0,0.7,0.0,low,775.0,4632.59,none
1770214109631,ETHUSDT,-1,0.0,-0.065,0.0,0.0,0.0,0.0,-0.0,0.0,0.0,1.0,1.0,1.0,0.0,-0.0,0.7,0.0,low,775.0,4632.59,none
1770214109632,ETHUSDT,-1,0.0,-0.065,0.0,0.0,0.0,0.0,-0.0,0.0,0.0,1.0,1.0,1.0,0.0,-0.0,0.7,0.0,low,775.0,4632.59,none
1770214109632,ETHUSDT,-1,0.0,-0.065,0.0,0.0,0.0,0.0,-0.0,0.0,0.0,1.0,1.0,1.0,0.0,-0.0,0.7,0.0,low,775.0,4632.59,none
1770214109633,ETHUSDT,-1,0.0,-0.065,0.0,0.0,0.0,0.0,-0.0,0.0,0.0,1.0,1.0,1.0,0.0,-0.0,0.7,0.0,low,13646.0,4568.23,none
1770214109640,BTCUSDT,1,0.0,0.055,0.0,0.0,0.0,0.0,-0.0,0.0,0.0,0.0,1.0,1.0,0.0,-0.0,0.7,0.0,low,129490.0,604700.8,none
1770214109651,ETHUSDT,-1,0.0,-0.065,0.0,0.0,0.0,0.0,-0.0,0.0,0.0,1.0,1.0,1.0,0.0,-0.0,0.7,0.0,low,5834.0,4529.17,none
1770214109704,BTCUSDT,1,0.0,0.055,0.0,0.0,0.0,0.0,-0.0,0.0,0.0,0.0,1.0,1.0,0.0,-0.0,0.7,0.0,low,129490.0,604700.8,none
1770214109704,BTCUSDT,1,0.0,0.055,0.0,0.0,0.0,0.0,-0.0,0.0,0.0,0.0,1.0,1.0,0.0,-0.0,0.7,0.0,low,129490.0,604700.8,none
1770214109705,BTCUSDT,1,0.0,0.055,0.0,0.0,0.0,0.0,-0.0,0.0,0.0,0.0,1.0,1.0,0.0,-0.0,0.7,0.0,low,129490.0,604700.8,none
1770214109712,ETHUSDT,-1,0.0,-0.065,0.0,0.0,0.0,0.0,-0.0,0.0,0.0,1.0,1.0,1.0,0.0,-0.0,0.7,0.0,low,5834.0,4529.17,none
1770214109719,BTCUSDT,1,0.0,0.055,0.0,0.0,0.0,0.0,-0.0,0.0,0.0,0.0,1.0,1.0,0.0,-0.0,0.7,0.0,low,129490.0,604700.8,none
1770214109920,ETHUSDT,-1,0.0,-0.065,0.0,0.0,0.0,0.0,-0.0,0.0,0.0,1.0,1.0,1.0,0.0,-0.0,0.7,0.0,low,5834.0,4529.17,none
1770214109921,ETHUSDT,-1,0.0,-0.065,0.0,0.0,0.0,0.0,-0.0,0.0,0.0,1.0,1.0,1.0,0.0,-0.0,0.7,0.0,low,5834.0,4529.17,none
1770214109921,ETHUSDT,-1,0.0,-0.065,0.0,0.0,0.0,0.0,-0.0,0.0,0.0,1.0,1.0,1.0,0.0,-0.0,0.7,0.0,low,5834.0,4529.17,none
1770214109921,ETHUSDT,-1,0.0,-0.065,0.0,0.0,0.0,0.0,-0.0,0.0,0.0,1.0,1.0,1.0,0.0,-0.0,0.7,0.0,low,5834.0,4529.17,none
1770214110452,ETHUSDT,-1,0.8927,-0.4237,0.0,0.5289,0.0,0.0,0.0,1.0,0.0,1.0,1.0,1.0,0.0,-0.0,0.7,0.0,low,1.0,4636.45,enter
1770214110637,ETHUSDT,-1,0.8937,-0.4259,0.0,0.5363,0.0,0.0,0.0,1.0,0.0,1.0,1.0,1.0,0.0,-0.0,0.7,0.0,low,1.0,4636.45,enter
1770214110638,BTCUSDT,1,0.0,0.049,0.0,0.0,0.0,0.0,-0.0,0.0,0.0,0.0,1.0,1.0,0.0,-0.0,0.7,0.0,low,2496.0,598827.0,none
1770214110638,BTCUSDT,1,0.0,0.0502,0.0,0.0,0.0,0.0,-0.0,0.0,0.0,0.0,1.0,1.0,0.0,-0.0,0.7,0.0,low,2496.0,598827.0,none
1770214110638,BTCUSDT,1,0.0,0.0514,0.0,0.0,0.0,0.0,-0.0,0.0,0.0,0.0,1.0,1.0,0.0,-0.0,0.7,0.0,low,2496.0,598827.0,none
1770214110639,BTCUSDT,1,0.0,0.0526,0.0,0.0,0.0,0.0,-0.0,0.0,0.0,0.0,1.0,1.0,0.0,-0.0,0.7,0.0,low,2496.0,598827.0,none
1770214110639,BTCUSDT,1,0.0,0.0538,0.0,0.0,0.0,0.0,-0.0,0.0,0.0,0.0,1.0,1.0,0.0,-0.0,0.7,0.0,low,2496.0,598827.0,none
1770214110639,BTCUSDT,1,0.0,0.0538,0.0,0.0,0.0,0.0,-0.0,0.0,0.0,0.0,1.0,1.0,0.0,-0.0,0.7,0.0,low,2496.0,598827.0,none
1770214110639,BTCUSDT,1,0.0,0.0538,0.0,0.0,0.0,0.0,-0.0,0.0,0.0,0.0,1.0,1.0,0.0,-0.0,0.7,0.0,low,2496.0,598827.0,none
1770214110640,ETHUSDT,-1,0.0,-0.4259,0.0,0.5364,0.0,0.0,0.0,1.0,0.0,1.0,1.0,1.0,0.0,-0.0,0.7,0.0,low,1.0,4636.45,none
1770214110640,ETHUSDT,-1,0.0,-0.4259,0.0,0.5364,0.0,0.0,0.0,1.0,0.0,1.0,1.0,1.0,0.0,-0.0,0.7,0.0,low,1.0,4636.45,none
1770214110640,ETHUSDT,-1,0.0,-0.4259,0.0,0.5364,0.0,0.0,0.0,1.0,0.0,1.0,1.0,1.0,0.0,-0.0,0.7,0.0,low,1.0,4636.45,none
1770214110641,ETHUSDT,-1,0.0,-0.4259,0.0,0.5363,0.0,0.0,0.0,1.0,0.0,1.0,1.0,1.0,0.0,-0.0,0.7,0.0,low,1.0,4636.45,none
1770214110678,BTCUSDT,1,0.0,0.0538,0.0,0.0,0.0,0.0,-0.0,0.0,0.0,0.0,1.0,1.0,0.0,-0.0,0.7,0.0,low,2496.0,598827.0,none
1770214110772,BTCUSDT,1,0.0,0.055,0.0,0.0,0.0,0.0,-0.0,0.0,0.0,0.0,1.0,1.0,0.0,-0.0,0.7,0.0,low,2496.0,598827.0,none
1770214110772,BTCUSDT,1,0.0,0.055,0.0,0.0,0.0,0.0,-0.0,0.0,0.0,0.0,1.0,1.0,0.0,-0.0,0.7,0.0,low,2496.0,598827.0,none
1770214110773,BTCUSDT,1,0.0,0.055,0.0,0.0,0.0,0.0,-0.0,0.0,0.0,0.0,1.0,1.0,0.0,-0.0,0.7,0.0,low,2496.0,598827.0,none
1770214110773,BTCUSDT,1,0.0,0.055,0.0,0.0,0.0,0.0,-0.0,0.0,0.0,0.0,1.0,1.0,0.0,-0.0,0.7,0.0,low,2496.0,598827.0,none
1770214110773,BTCUSDT,1,0.0,0.055,0.0,0.0,0.0,0.0,-0.0,0.0,0.0,0.0,1.0,1.0,0.0,-0.0,0.7,0.0,low,2496.0,598827.0,none
1770214110778,BTCUSDT,1,0.0,0.055,0.0,0.0,0.0,0.0,-0.0,0.0,0.0,0.0,1.0,1.0,0.0,-0.0,0.7,0.0,low,2496.0,598827.0,none
1770214111541,ETHUSDT,-1,0.7368,-0.2059,0.0,0.5363,0.0,0.0,0.0,0.5,0.0,0.0,1.0,1.0,0.0,-0.0,0.7,0.0,low,1.0,4636.45,enter
1770214111542,BTCUSDT,1,0.0,0.055,0.0,0.0,0.0,0.0,-0.0,0.0,0.0,0.0,1.0,1.0,0.0,-0.0,0.7,0.0,low,2496.0,598827.0,none
1770214111542,BTCUSDT,1,0.0,0.055,0.0,0.0,0.0,0.0,-0.0,0.0,0.0,0.0,1.0,1.0,0.0,-0.0,0.7,0.0,low,2496.0,598827.0,none
1770214111542,BTCUSDT,1,0.0,0.055,0.0,0.0,0.0,0.0,-0.0,0.0,0.0,0.0,1.0,1.0,0.0,-0.0,0.7,0.0,low,2496.0,598827.0,none
1770214111543,BTCUSDT,1,0.0,0.055,0.0,0.0,0.0,0.0,-0.0,0.0,0.0,0.0,1.0,1.0,0.0,-0.0,0.7,0.0,low,2496.0,598827.0,none
1770214111543,BTCUSDT,1,0.0,0.055,0.0,0.0,0.0,0.0,-0.0,0.0,0.0,0.0,1.0,1.0,0.0,-0.0,0.7,0.0,low,2496.0,598827.0,none
1770214111543,BTCUSDT,1,0.0,0.055,0.0,0.0,0.0,0.0,-0.0,0.0,0.0,0.0,1.0,1.0,0.0,-0.0,0.7,0.0,low,2496.0,598827.0,none
1770214111543,BTCUSDT,1,0.0,0.055,0.0,0.0,0.0,0.0,-0.0,0.0,0.0,0.0,1.0,1.0,0.0,-0.0,0.7,0.0,low,2496.0,598827.0,none
1770214111544,BTCUSDT,1,0.0,0.055,0.0,0.0,0.0,0.0,-0.0,0.0,0.0,0.0,1.0,1.0,0.0,-0.0,0.7,0.0,low,2496.0,598827.0,none
1770214111544,BTCUSDT,1,0.0,0.055,0.0,0.0,0.0,0.0,-0.0,0.0,0.0,0.0,1.0,1.0,0.0,-0.0,0.7,0.0,low,2496.0,598827.0,none
1770214111741,ETHUSDT,-1,0.7371,-0.2062,0.0,0.5373,0.0,0.0,0.0,0.5,0.0,0.0,1.0,1.0,0.0,-0.0,0.7,0.0,low,1.0,4636.45,enter
1770214111741,ETHUSDT,-1,0.0,-0.2061,0.0,0.537,0.0,0.0,0.0,0.5,0.0,0.0,1.0,1.0,0.0,-0.0,0.7,0.0,low,1.0,4636.45,none
1770214111742,ETHUSDT,-1,0.0,-0.2061,0.0,0.537,0.0,0.0,0.0,0.5,0.0,0.0,1.0,1.0,0.0,-0.0,0.7,0.0,low,1.0,4636.45,none
1770214111742,ETHUSDT,-1,0.0,-0.2062,0.0,0.5375,0.0,0.0,0.0,0.5,0.0,0.0,1.0,1.0,0.0,-0.0,0.7,0.0,low,1.0,4636.45,none
1770214111743,ETHUSDT,-1,0.0,-0.2062,0.0,0.5373,0.0,0.0,0.0,0.5,0.0,0.0,1.0,1.0,0.0,-0.0,0.7,0.0,low,1.0,4636.45,none
1770214111743,ETHUSDT,-1,0.0,-0.2062,0.0,0.5373,0.0,0.0,0.0,0.5,0.0,0.0,1.0,1.0,0.0,-0.0,0.7,0.0,low,1.0,4636.45,none
1770214111743,ETHUSDT,-1,0.0,-0.2062,0.0,0.5373,0.0,0.0,0.0,0.5,0.0,0.0,1.0,1.0,0.0,-0.0,0.7,0.0,low,1.0,4636.45,none
1770214111744,ETHUSDT,-1,0.0,-0.2062,0.0,0.5372,0.0,0.0,0.0,0.5,0.0,0.0,1.0,1.0,0.0,-0.0,0.7,0.0,low,1.0,4636.45,none
1770214111838,BTCUSDT,1,0.0,0.055,0.0,0.0,0.0,0.0,-0.0,0.0,0.0,0.0,1.0,1.0,0.0,-0.0,0.7,0.0,low,2496.0,598827.0,none
1770214111953,ETHUSDT,-1,0.0,-0.2062,0.0,0.5373,0.0,0.0,0.0,0.5,0.0,0.0,0.0,0.0,0.0,-0.0,0.7,0.0,low,1.0,4636.45,none
1770214112483,ETHUSDT,-1,0.7371,-0.2062,0.0,0.5373,0.0,0.0,0.0,0.5,0.0,0.0,0.0,0.0,0.0,-0.0,0.7,0.0,low,1.0,4636.45,enter
1770214113014,ETHUSDT,-1,0.7373,-0.2064,0.0,0.5379,0.0,0.0,0.0,0.5,0.0,0.0,0.0,0.0,0.0,-0.0,0.7,0.0,low,1.0,4636.45,enter
1770214113015,BTCUSDT,1,0.0,0.1023,0.0,0.0,0.0,0.0,-0.0,0.0,0.0,0.0,1.0,0.3333,0.0,-0.0,0.7,0.0,low,64861.0,607932.25,none
1770214113200,ETHUSDT,-1,0.7407,-0.2099,0.0,0.5377,0.0,0.0,0.0,0.5,0.0,0.0,0.0,0.0,0.0,-0.0,0.7,0.0,low,1.0,4636.45,enter
1770214113396,ETHUSDT,-1,0.7418,-0.2111,0.0,0.5377,0.0,0.0,0.0,0.5,0.0,0.0,0.0,0.0,0.0,-0.0,0.7,0.0,low,1.0,4636.45,enter
1770214113397,ETHUSDT,-1,0.0,-0.2123,0.0,0.5377,0.0,0.0,0.0,0.5,0.0,0.0,0.0,0.0,0.0,-0.0,0.7,0.0,low,1.0,4636.45,none
1770214113397,ETHUSDT,-1,0.0,-0.2111,0.0,0.5377,0.0,0.0,0.0,0.5,0.0,0.0,0.0,0.0,0.0,-0.0,0.7,0.0,low,1.0,4636.45,none
1770214113398,ETHUSDT,-1,0.0,-0.2111,0.0,0.5377,0.0,0.0,0.0,0.5,0.0,0.0,0.0,0.0,0.0,-0.0,0.7,0.0,low,1.0,4636.45,none
1770214113398,ETHUSDT,-1,0.0,-0.2099,0.0,0.5377,0.0,0.0,0.0,0.5,0.0,0.0,0.0,0.0,0.0,-0.0,0.7,0.0,low,1.0,4636.45,none
1770214113399,ETHUSDT,-1,0.0,-0.2099,0.0,0.5376,0.0,0.0,0.0,0.5,0.0,0.0,0.0,0.0,0.0,-0.0,0.7,0.0,low,1.0,4636.45,none
1770214113923,ETHUSDT,-1,0.7409,-0.2101,0.0,0.5383,0.0,0.0,0.0,0.5,0.0,0.0,0.0,0.0,0.0,-0.0,0.7,0.0,low,1.0,4636.45,enter
1770214113924,ETHUSDT,-1,0.6369,-0.1124,0.0,0.5381,0.0,0.0,-0.0,0.0,0.0,0.0,0.0,0.0,0.0,-0.0,0.7,0.0,low,1.0,4636.45,none
1770214113924,BTCUSDT,1,0.0,0.0223,0.0,0.0,0.0,0.0,-0.0,0.0,0.0,0.0,0.3333,0.6667,0.0,-0.0,0.7,0.0,low,64861.0,607932.25,none
1770214113926,ETHUSDT,-1,0.6356,-0.1112,0.0,0.5381,0.0,0.0,-0.0,0.0,0.0,0.0,0.0,0.0,0.0,-0.0,0.7,0.0,low,1.0,4636.45,none
1770214113926,ETHUSDT,-1,0.6356,-0.1112,0.0,0.5381,0.0,0.0,-0.0,0.0,0.0,0.0,0.0,0.0,0.0,-0.0,0.7,0.0,low,1.0,4636.45,none
1770214113927,ETHUSDT,-1,0.6342,-0.11,0.0,0.5381,0.0,0.0,-0.0,0.0,0.0,0.0,0.0,0.0,0.0,-0.0,0.7,0.0,low,1.0,4636.45,none
1770214113927,ETHUSDT,-1,0.6328,-0.1088,0.0,0.5381,0.0,0.0,-0.0,0.0,0.0,0.0,0.0,0.0,0.0,-0.0,0.7,0.0,low,1.0,4636.45,none
1770214113927,ETHUSDT,-1,0.6328,-0.1088,0.0,0.538,0.0,0.0,-0.0,0.0,0.0,0.0,0.0,0.0,0.0,-0.0,0.7,0.0,low,1.0,4636.45,none
1770214113928,ETHUSDT,-1,0.6314,-0.1076,0.0,0.5381,0.0,0.0,-0.0,0.0,0.0,0.0,0.0,0.0,0.0,-0.0,0.7,0.0,low,1.0,4636.45,none
1770214114425,ETHUSDT,-1,0.7562,-0.2264,0.0,0.5381,0.0,0.0,-0.0,0.0,0.0,1.0,0.0,0.0,0.0,-0.0,0.7,0.0,low,1.0,4636.45,enter
1770214114426,ETHUSDT,-1,0.0,-0.065,0.0,0.0,0.0,0.0,-0.0,0.0,0.0,1.0,1.0,1.0,0.0,-0.0,0.7,0.0,low,379.0,4449.11,none
1770214114427,ETHUSDT,-1,0.0,-0.065,0.0,0.0,0.0,0.0,-0.0,0.0,0.0,1.0,1.0,1.0,0.0,-0.0,0.7,0.0,low,379.0,4449.11,none
1770214114427,BTCUSDT,1,0.0,0.0283,0.0,0.0,0.0,0.0,-0.0,0.0,0.0,0.0,0.6667,1.0,0.0,-0.0,0.7,0.0,low,367875.0,568579.05,none
1770214114428,BTCUSDT,1,0.0,0.055,0.0,0.0,0.0,0.0,-0.0,0.0,0.0,0.0,1.0,1.0,0.0,-0.0,0.7,0.0,low,367875.0,568579.05,none
1770214114428,BTCUSDT,1,0.0,0.055,0.0,0.0,0.0,0.0,-0.0,0.0,0.0,0.0,1.0,1.0,0.0,-0.0,0.7,0.0,low,367875.0,568579.05,none
1770214114428,BTCUSDT,1,0.0,0.055,0.0,0.0,0.0,0.0,-0.0,0.0,0.0,0.0,1.0,1.0,0.0,-0.0,0.7,0.0,low,367875.0,568579.05,none
1770214114428,BTCUSDT,1,0.0,0.055,0.0,0.0,0.0,0.0,-0.0,0.0,0.0,0.0,1.0,1.0,0.0,-0.0,0.7,0.0,low,367875.0,568579.05,none
1770214114429,BTCUSDT,1,0.0,0.055,0.0,0.0,0.0,0.0,-0.0,0.0,0.0,0.0,1.0,1.0,0.0,-0.0,0.7,0.0,low,367875.0,568579.05,none
1770214114429,BTCUSDT,1,0.0,0.055,0.0,0.0,0.0,0.0,-0.0,0.0,0.0,0.0,1.0,1.0,0.0,-0.0,0.7,0.0,low,367875.0,568579.05,none
1770214114429,BTCUSDT,1,0.0,0.055,0.0,0.0,0.0,0.0,-0.0,0.0,0.0,0.0,1.0,1.0,0.0,-0.0,0.7,0.0,low,367875.0,568579.05,none
1770214114443,ETHUSDT,-1,0.0,-0.065,0.0,0.0,0.0,0.0,-0.0,0.0,0.0,1.0,1.0,1.0,0.0,-0.0,0.7,0.0,low,379.0,4449.11,none
1770214114444,ETHUSDT,-1,0.0,-0.065,0.0,0.0,0.0,0.0,-0.0,0.0,0.0,1.0,1.0,1.0,0.0,-0.0,0.7,0.0,low,379.0,4449.11,none
1770214114449,ETHUSDT,-1,0.0,-0.065,0.0,0.0,0.0,0.0,-0.0,0.0,0.0,1.0,1.0,1.0,0.0,-0.0,0.7,0.0,low,379.0,4449.11,none
1770214114451,ETHUSDT,-1,0.0,-0.065,0.0,0.0,0.0,0.0,-0.0,0.0,0.0,1.0,1.0,1.0,0.0,-0.0,0.7,0.0,low,379.0,4449.11,none
1770214114633,ETHUSDT,-1,0.0,-0.065,0.0,0.0,0.0,0.0,-0.0,0.0,0.0,1.0,1.0,1.0,0.0,-0.0,0.7,0.0,low,379.0,4449.11,none
1770214114728,ETHUSDT,-1,0.0,-0.065,0.0,0.0,0.0,0.0,-0.0,0.0,0.0,1.0,1.0,1.0,0.0,-0.0,0.7,0.0,low,379.0,4449.11,none
1770214114732,ETHUSDT,-1,0.0,-0.065,0.0,0.0,0.0,0.0,-0.0,0.0,0.0,1.0,1.0,1.0,0.0,-0.0,0.7,0.0,low,379.0,4449.11,none
1770214114813,ETHUSDT,-1,0.0,-0.065,0.0,0.0,0.0,0.0,-0.0,0.0,0.0,1.0,1.0,1.0,0.0,-0.0,0.7,0.0,low,379.0,4449.11,none
1770214114838,BTCUSDT,1,0.0,0.055,0.0,0.0,0.0,0.0,-0.0,0.0,0.0,0.0,1.0,1.0,0.0,-0.0,0.7,0.0,low,367875.0,568579.05,none
1770214114932,ETHUSDT,-1,0.0,-0.4248,0.0,0.5285,0.0,0.0,0.0,1.0,0.0,1.0,1.0,1.0,0.0,-0.0,0.7,0.0,low,1.0,4451.01,none
1770214114936,BTCUSDT,1,0.0,0.055,0.0,0.0,0.0,0.0,-0.0,0.0,0.0,0.0,1.0,1.0,0.0,-0.0,0.7,0.0,low,367875.0,568579.05,none
1770214114937,BTCUSDT,1,0.0,0.055,0.0,0.0,0.0,0.0,-0.0,0.0,0.0,0.0,1.0,1.0,0.0,-0.0,0.7,0.0,low,367875.0,568579.05,none
1770214114945,BTCUSDT,1,0.0,0.055,0.0,0.0,0.0,0.0,-0.0,0.0,0.0,0.0,1.0,1.0,0.0,-0.0,0.7,0.0,low,367875.0,568579.05,none
1770214114945,BTCUSDT,1,0.0,0.055,0.0,0.0,0.0,0.0,-0.0,0.0,0.0,0.0,1.0,1.0,0.0,-0.0,0.7,0.0,low,367875.0,568579.05,none
1770214114958,BTCUSDT,1,0.0,0.055,0.0,0.0,0.0,0.0,-0.0,0.0,0.0,0.0,1.0,1.0,0.0,-0.0,0.7,0.0,low,367875.0,568579.05,none
1770214115098,ETHUSDT,-1,0.0,-0.4258,0.0,0.5359,0.0,0.0,0.0,1.0,0.0,1.0,1.0,1.0,0.0,-0.0,0.7,0.0,low,1.0,4451.01,none
1770214115294,ETHUSDT,-1,0.8937,-0.4258,0.0,0.5359,0.0,0.0,0.0,1.0,0.0,1.0,1.0,1.0,0.0,-0.0,0.7,0.0,low,1.0,4451.01,enter
1770214115295,ETHUSDT,-1,0.0,-0.4258,0.0,0.5359,0.0,0.0,0.0,1.0,0.0,1.0,1.0,1.0,0.0,-0.0,0.7,0.0,low,1.0,4451.01,none
1770214115295,BTCUSDT,1,0.0,0.0526,0.0,0.0,0.0,0.0,-0.0,0.0,0.0,0.0,1.0,1.0,0.0,-0.0,0.7,0.0,low,2397.0,575113.55,none
1770214115296,ETHUSDT,-1,0.0,-0.4258,0.0,0.5359,0.0,0.0,0.0,1.0,0.0,1.0,1.0,1.0,0.0,-0.0,0.7,0.0,low,1.0,4451.01,none
1770214115296,ETHUSDT,-1,0.0,-0.4258,0.0,0.5358,0.0,0.0,0.0,1.0,0.0,1.0,1.0,1.0,0.0,-0.0,0.7,0.0,low,1.0,4451.01,none
1770214115399,BTCUSDT,1,0.0,0.0526,0.0,0.0,0.0,0.0,-0.0,0.0,0.0,0.0,1.0,1.0,0.0,-0.0,0.7,0.0,low,2397.0,575113.55,none
1770214115468,BTCUSDT,1,0.0,0.0538,0.0,0.0,0.0,0.0,-0.0,0.0,0.0,0.0,1.0,1.0,0.0,-0.0,0.7,0.0,low,2397.0,575113.55,none
1770214115470,BTCUSDT,1,0.0,0.055,0.0,0.0,0.0,0.0,-0.0,0.0,0.0,0.0,1.0,1.0,0.0,-0.0,0.7,0.0,low,2397.0,575113.55,none
1770214115474,BTCUSDT,1,0.0,0.055,0.0,0.0,0.0,0.0,-0.0,0.0,0.0,0.0,1.0,1.0,0.0,-0.0,0.7,0.0,low,2397.0,575113.55,none
1770214115474,BTCUSDT,1,0.0,0.055,0.0,0.0,0.0,0.0,-0.0,0.0,0.0,0.0,1.0,1.0,0.0,-0.0,0.7,0.0,low,2397.0,575113.55,none
1770214115479,BTCUSDT,1,0.0,0.055,0.0,0.0,0.0,0.0,-0.0,0.0,0.0,0.0,1.0,1.0,0.0,-0.0,0.7,0.0,low,2397.0,575113.55,none
1770214116275,ETHUSDT,-1,0.8937,-0.4257,0.0,0.5358,0.0,0.0,0.0,1.0,0.0,1.0,1.0,1.0,0.0,-0.0,0.7,0.0,low,1.0,4451.01,enter
1770214116275,BTCUSDT,1,0.0,0.0538,0.0,0.0,0.0,0.0,-0.0,0.0,0.0,0.0,1.0,1.0,0.0,-0.0,0.7,0.0,low,2397.0,575113.55,none
1770214116276,BTCUSDT,1,0.0,0.0538,0.0,0.0,0.0,0.0,-0.0,0.0,0.0,0.0,1.0,1.0,0.0,-0.0,0.7,0.0,low,2397.0,575113.55,none
1770214116276,BTCUSDT,1,0.0,0.055,0.0,0.0,0.0,0.0,-0.0,0.0,0.0,0.0,1.0,1.0,0.0,-0.0,0.7,0.0,low,2397.0,575113.55,none
1770214116276,BTCUSDT,1,0.0,0.055,0.0,0.0,0.0,0.0,-0.0,0.0,0.0,0.0,1.0,1.0,0.0,-0.0,0.7,0.0,low,2397.0,575113.55,none
1770214116276,BTCUSDT,1,0.0,0.055,0.0,0.0,0.0,0.0,-0.0,0.0,0.0,0.0,1.0,1.0,0.0,-0.0,0.7,0.0,low,2397.0,575113.55,none
1770214116276,BTCUSDT,1,0.0,0.055,0.0,0.0,0.0,0.0,-0.0,0.0,0.0,0.0,1.0,1.0,0.0,-0.0,0.7,0.0,low,2397.0,575113.55,none
1770214116277,BTCUSDT,1,0.0,0.055,0.0,0.0,0.0,0.0,-0.0,0.0,0.0,0.0,1.0,1.0,0.0,-0.0,0.7,0.0,low,2397.0,575113.55,none
1770214116277,BTCUSDT,1,0.0,0.055,0.0,0.0,0.0,0.0,-0.0,0.0,0.0,0.0,1.0,1.0,0.0,-0.0,0.7,0.0,low,2397.0,575113.55,none
1770214116277,BTCUSDT,1,0.0,0.055,0.0,0.0,0.0,0.0,-0.0,0.0,0.0,0.0,1.0,1.0,0.0,-0.0,0.7,0.0,low,2397.0,575113.55,none
1770214116807,ETHUSDT,-1,0.7367,-0.2057,0.0,0.5358,0.0,0.0,0.0,0.5,0.0,0.0,1.0,1.0,0.0,-0.0,0.7,0.0,low,1.0,4451.01,enter
1770214116808,BTCUSDT,1,0.0,0.055,0.0,0.0,0.0,0.0,-0.0,0.0,0.0,0.0,1.0,1.0,0.0,-0.0,0.7,0.0,low,2397.0,575113.55,none
1770214116808,BTCUSDT,1,0.0,0.055,0.0,0.0,0.0,0.0,-0.0,0.0,0.0,0.0,1.0,1.0,0.0,-0.0,0.7,0.0,low,2397.0,575113.55,none
1770214116808,BTCUSDT,1,0.0,0.055,0.0,0.0,0.0,0.0,-0.0,0.0,0.0,0.0,1.0,1.0,0.0,-0.0,0.7,0.0,low,2397.0,575113.55,none
1770214116809,BTCUSDT,1,0.0,0.055,0.0,0.0,0.0,0.0,-0.0,0.0,0.0,0.0,1.0,1.0,0.0,-0.0,0.7,0.0,low,2397.0,575113.55,none
1770214116809,BTCUSDT,1,0.0,0.055,0.0,0.0,0.0,0.0,-0.0,0.0,0.0,0.0,1.0,1.0,0.0,-0.0,0.7,0.0,low,2397.0,575113.55,none
1770214116809,BTCUSDT,1,0.0,0.055,0.0,0.0,0.0,0.0,-0.0,0.0,0.0,0.0,1.0,1.0,0.0,-0.0,0.7,0.0,low,59871.0,583979.25,none
1770214116996,ETHUSDT,-1,0.7372,-0.2063,0.0,0.5376,0.0,0.0,0.0,0.5,0.0,0.0,1.0,1.0,0.0,-0.0,0.7,0.0,low,1.0,4451.01,enter
1770214117183,ETHUSDT,-1,0.737,-0.2061,0.0,0.537,0.0,0.0,0.0,0.5,0.0,0.0,0.0,0.0,0.0,-0.0,0.7,0.0,low,1.0,4451.01,enter
1770214117714,ETHUSDT,-1,0.737,-0.2061,0.0,0.537,0.0,0.0,0.0,0.5,0.0,0.0,0.0,0.0,0.0,-0.0,0.7,0.0,low,1.0,4451.01,enter
1770214117715,BTCUSDT,1,0.0,0.1023,0.0,0.0,0.0,0.0,-0.0,0.0,0.0,0.0,1.0,0.3333,0.0,-0.0,0.7,0.0,low,59871.0,583979.25,none
1770214117715,BTCUSDT,1,0.0,0.1023,0.0,0.0,0.0,0.0,-0.0,0.0,0.0,0.0,1.0,0.3333,0.0,-0.0,0.7,0.0,low,59871.0,583979.25,none
1770214117912,ETHUSDT,-1,0.7407,-0.2099,0.0,0.5376,0.0,0.0,0.0,0.5,0.0,0.0,0.0,0.0,0.0,-0.0,0.7,0.0,low,1.0,4451.01,enter
1770214117913,ETHUSDT,-1,0.0,-0.2086,0.0,0.5374,0.0,0.0,0.0,0.5,0.0,0.0,0.0,0.0,0.0,-0.0,0.7,0.0,low,1.0,4451.01,none
1770214117913,ETHUSDT,-1,0.0,-0.2074,0.0,0.5374,0.0,0.0,0.0,0.5,0.0,0.0,0.0,0.0,0.0,-0.0,0.7,0.0,low,1.0,4451.01,none
1770214117913,ETHUSDT,-1,0.0,-0.2074,0.0,0.5374,0.0,0.0,0.0,0.5,0.0,0.0,0.0,0.0,0.0,-0.0,0.7,0.0,low,1.0,4451.01,none
1770214117913,ETHUSDT,-1,0.0,-0.2062,0.0,0.5374,0.0,0.0,0.0,0.5,0.0,0.0,0.0,0.0,0.0,-0.0,0.7,0.0,low,1.0,4451.01,none
1770214117914,ETHUSDT,-1,0.0,-0.2062,0.0,0.5374,0.0,0.0,0.0,0.5,0.0,0.0,0.0,0.0,0.0,-0.0,0.7,0.0,low,1.0,4451.01,none
1770214117914,BTCUSDT,1,0.0,0.1035,0.0,0.0,0.0,0.0,-0.0,0.0,0.0,0.0,1.0,0.3333,0.0,-0.0,0.7,0.0,low,59871.0,583979.25,none
1770214117914,BTCUSDT,1,0.0,0.1047,0.0,0.0,0.0,0.0,-0.0,0.0,0.0,0.0,1.0,0.3333,0.0,-0.0,0.7,0.0,low,59871.0,583979.25,none
1770214117914,BTCUSDT,1,0.0,0.1047,0.0,0.0,0.0,0.0,-0.0,0.0,0.0,0.0,1.0,0.3333,0.0,-0.0,0.7,0.0,low,59871.0,583979.25,none
1770214117914,BTCUSDT,1,0.0,0.1047,0.0,0.0,0.0,0.0,-0.0,0.0,0.0,0.0,1.0,0.3333,0.0,-0.0,0.7,0.0,low,59871.0,583979.25,none
1770214117915,BTCUSDT,1,0.0,0.1047,0.0,0.0,0.0,0.0,-0.0,0.0,0.0,0.0,1.0,0.3333,0.0,-0.0,0.7,0.0,low,59871.0,583979.25,none
1770214117915,ETHUSDT,-1,0.0,-0.2062,0.0,0.5374,0.0,0.0,0.0,0.5,0.0,0.0,0.0,0.0,0.0,-0.0,0.7,0.0,low,1.0,4451.01,none
1770214117915,ETHUSDT,-1,0.0,-0.2062,0.0,0.5374,0.0,0.0,0.0,0.5,0.0,0.0,0.0,0.0,0.0,-0.0,0.7,0.0,low,1.0,4451.01,none
1770214117915,ETHUSDT,-1,0.0,-0.2062,0.0,0.5374,0.0,0.0,0.0,0.5,0.0,0.0,0.0,0.0,0.0,-0.0,0.7,0.0,low,1.0,4451.01,none
1770214117916,ETHUSDT,-1,0.0,-0.2062,0.0,0.5374,0.0,0.0,0.0,0.5,0.0,0.0,0.0,0.0,0.0,-0.0,0.7,0.0,low,1.0,4451.01,none
1770214118061,ETHUSDT,-1,0.0,-0.2062,0.0,0.5374,0.0,0.0,0.0,0.5,0.0,0.0,0.0,0.0,0.0,-0.0,0.7,0.0,low,1.0,4451.01,none
1770214118259,ETHUSDT,-1,0.7371,-0.2062,0.0,0.5374,0.0,0.0,0.0,0.5,0.0,0.0,0.0,0.0,0.0,-0.0,0.7,0.0,low,1.0,4451.01,enter
1770214118259,ETHUSDT,-1,0.0,-0.2064,0.0,0.5379,0.0,0.0,0.0,0.5,0.0,0.0,0.0,0.0,0.0,-0.0,0.7,0.0,low,1.0,4451.01,none
1770214118300,ETHUSDT,-1,0.0,-0.2063,0.0,0.5377,0.0,0.0,0.0,0.5,0.0,0.0,0.0,0.0,0.0,-0.0,0.7,0.0,low,1.0,4451.01,none
1770214118794,ETHUSDT,-1,0.7372,-0.2063,0.0,0.5377,0.0,0.0,0.0,0.5,0.0,0.0,0.0,0.0,0.0,-0.0,0.7,0.0,low,1.0,4451.01,enter
1770214118795,ETHUSDT,-1,0.0,-0.1063,0.0,0.5377,0.0,0.0,-0.0,0.0,0.0,0.0,0.0,0.0,0.0,-0.0,0.7,0.0,low,1.0,4451.01,none
1770214118920,ETHUSDT,-1,0.0,-0.2263,0.0,0.5377,0.0,0.0,-0.0,0.0,0.0,1.0,0.0,0.0,0.0,-0.0,0.7,0.0,low,1.0,4451.01,none
1770214119107,ETHUSDT,-1,0.7561,-0.2263,0.0,0.5377,0.0,0.0,-0.0,0.0,0.0,1.0,0.0,0.0,0.0,-0.0,0.7,0.0,low,1.0,4451.01,enter
1770214119109,ETHUSDT,-1,0.0,-0.065,0.0,0.0,0.0,0.0,-0.0,0.0,0.0,1.0,1.0,1.0,0.0,-0.0,0.7,0.0,low,637.0,4269.78,none
1770214119109,ETHUSDT,-1,0.0,-0.065,0.0,0.0,0.0,0.0,-0.0,0.0,0.0,1.0,1.0,1.0,0.0,-0.0,0.7,0.0,low,637.0,4269.78,none
1770214119138,BTCUSDT,1,0.0,0.055,0.0,0.0,0.0,0.0,-0.0,0.0,0.0,0.0,1.0,1.0,0.0,-0.0,0.7,0.0,low,191807.0,559775.65,none
1770214119152,ETHUSDT,-1,0.0,-0.065,0.0,0.0,0.0,0.0,-0.0,0.0,0.0,1.0,1.0,1.0,0.0,-0.0,0.7,0.0,low,637.0,4269.78,none
1770214119173,ETHUSDT,-1,0.0,-0.065,0.0,0.0,0.0,0.0,-0.0,0.0,0.0,1.0,1.0,1.0,0.0,-0.0,0.7,0.0,low,637.0,4269.78,none
1770214119192,ETHUSDT,-1,0.0,-0.065,0.0,0.0,0.0,0.0,-0.0,0.0,0.0,1.0,1.0,1.0,0.0,-0.0,0.7,0.0,low,637.0,4269.78,none
1770214119278,BTCUSDT,1,0.0,0.055,0.0,0.0,0.0,0.0,-0.0,0.0,0.0,0.0,1.0,1.0,0.0,-0.0,0.7,0.0,low,191807.0,559775.65,none
1770214119278,BTCUSDT,1,0.0,0.175,0.0,0.0,0.0,0.0,-0.0,0.0,1.0,0.0,1.0,1.0,0.0,-0.0,0.7,0.0,low,191807.0,559775.65,none
1770214119322,BTCUSDT,1,0.0,0.175,0.0,0.0,0.0,0.0,-0.0,0.0,1.0,0.0,1.0,1.0,0.0,-0.0,0.7,0.0,low,191807.0,559775.65,none
1770214119333,ETHUSDT,-1,0.0,-0.065,0.0,0.0,0.0,0.0,-0.0,0.0,0.0,1.0,1.0,1.0,0.0,-0.0,0.7,0.0,low,637.0,4269.78,none
1770214119338,BTCUSDT,1,0.0,0.175,0.0,0.0,0.0,0.0,-0.0,0.0,1.0,0.0,1.0,1.0,0.0,-0.0,0.7,0.0,low,191807.0,559775.65,none
1770214119358,BTCUSDT,1,0.0,0.175,0.0,0.0,0.0,0.0,-0.0,0.0,1.0,0.0,1.0,1.0,0.0,-0.0,0.7,0.0,low,191807.0,559775.65,none
1770214119423,BTCUSDT,1,0.0,0.175,0.0,0.0,0.0,0.0,-0.0,0.0,1.0,0.0,1.0,1.0,0.0,-0.0,0.7,0.0,low,191807.0,559775.65,none
1770214119426,BTCUSDT,1,0.0,0.175,0.0,0.0,0.0,0.0,-0.0,0.0,1.0,0.0,1.0,1.0,0.0,-0.0,0.7,0.0,low,191807.0,559775.65,none
1770214119432,BTCUSDT,1,0.0,0.175,0.0,0.0,0.0,0.0,-0.0,0.0,1.0,0.0,1.0,1.0,0.0,-0.0,0.7,0.0,low,191807.0,559775.65,none
1770214119438,BTCUSDT,1,0.0,0.175,0.0,0.0,0.0,0.0,-0.0,0.0,1.0,0.0,1.0,1.0,0.0,-0.0,0.7,0.0,low,191807.0,559775.65,none
1770214119467,ETHUSDT,-1,0.0,-0.065,0.0,0.0,0.0,0.0,-0.0,0.0,0.0,1.0,1.0,1.0,0.0,-0.0,0.7,0.0,low,637.0,4269.78,none
1770214119472,ETHUSDT,-1,0.0,-0.065,0.0,0.0,0.0,0.0,-0.0,0.0,0.0,1.0,1.0,1.0,0.0,-0.0,0.7,0.0,low,637.0,4269.78,none
1770214119498,ETHUSDT,-1,0.0,-0.065,0.0,0.0,0.0,0.0,-0.0,0.0,0.0,1.0,1.0,1.0,0.0,-0.0,0.7,0.0,low,637.0,4269.78,none
1770214119498,BTCUSDT,1,0.0,0.175,0.0,0.0,0.0,0.0,-0.0,0.0,1.0,0.0,1.0,1.0,0.0,-0.0,0.7,0.0,low,191807.0,559775.65,none
1770214119512,ETHUSDT,-1,0.0,-0.065,0.0,0.0,0.0,0.0,-0.0,0.0,0.0,1.0,1.0,1.0,0.0,-0.0,0.7,0.0,low,637.0,4269.78,none
1770214119532,ETHUSDT,-1,0.0,-0.065,0.0,0.0,0.0,0.0,-0.0,0.0,0.0,1.0,1.0,1.0,0.0,-0.0,0.7,0.0,low,637.0,4269.78,none
1770214119533,ETHUSDT,-1,0.0,-0.065,0.0,0.0,0.0,0.0,-0.0,0.0,0.0,1.0,1.0,1.0,0.0,-0.0,0.7,0.0,low,637.0,4269.78,none
1770214119557,BTCUSDT,1,0.0,0.175,0.0,0.0,0.0,0.0,-0.0,0.0,1.0,0.0,1.0,1.0,0.0,-0.0,0.7,0.0,low,191807.0,559775.65,none
1770214119578,BTCUSDT,1,0.0,0.175,0.0,0.0,0.0,0.0,-0.0,0.0,1.0,0.0,1.0,1.0,0.0,-0.0,0.7,0.0,low,191807.0,559775.65,none
1770214119598,BTCUSDT,1,0.0,0.175,0.0,0.0,0.0,0.0,-0.0,0.0,1.0,0.0,1.0,1.0,0.0,-0.0,0.7,0.0,low,191807.0,559775.65,none
1770214119616,BTCUSDT,1,0.0,0.175,0.0,0.0,0.0,0.0,-0.0,0.0,1.0,0.0,1.0,1.0,0.0,-0.0,0.7,0.0,low,191807.0,559775.65,none
1770214119617,BTCUSDT,1,0.0,0.175,0.0,0.0,0.0,0.0,-0.0,0.0,1.0,0.0,1.0,1.0,0.0,-0.0,0.7,0.0,low,191807.0,559775.65,none
1770214119694,ETHUSDT,-1,0.0,-0.065,0.0,0.0,0.0,0.0,-0.0,0.0,0.0,1.0,1.0,1.0,0.0,-0.0,0.7,0.0,low,637.0,4269.78,none
1770214119694,ETHUSDT,-1,0.0,-0.065,0.0,0.0,0.0,0.0,-0.0,0.0,0.0,1.0,1.0,1.0,0.0,-0.0,0.7,0.0,low,637.0,4269.78,none
1770214119704,ETHUSDT,-1,0.0,-0.065,0.0,0.0,0.0,0.0,-0.0,0.0,0.0,1.0,1.0,1.0,0.0,-0.0,0.7,0.0,low,637.0,4269.78,none
1770214119713,ETHUSDT,-1,0.0,-0.065,0.0,0.0,0.0,0.0,-0.0,0.0,0.0,1.0,1.0,1.0,0.0,-0.0,0.7,0.0,low,637.0,4269.78,none
1770214119830,ETHUSDT,-1,0.0,-0.065,0.0,0.0,0.0,0.0,-0.0,0.0,0.0,1.0,1.0,1.0,0.0,-0.0,0.7,0.0,low,637.0,4269.78,none
1770214119830,ETHUSDT,-1,0.0,-0.065,0.0,0.0,0.0,0.0,-0.0,0.0,0.0,1.0,1.0,1.0,0.0,-0.0,0.7,0.0,low,637.0,4269.78,none
1770214119830,ETHUSDT,-1,0.0,-0.065,0.0,0.0,0.0,0.0,-0.0,0.0,0.0,1.0,1.0,1.0,0.0,-0.0,0.7,0.0,low,637.0,4269.78,none
1770214119831,ETHUSDT,-1,0.0,-0.065,0.0,0.0,0.0,0.0,-0.0,0.0,0.0,1.0,1.0,1.0,0.0,-0.0,0.7,0.0,low,637.0,4269.78,none
1770214119831,ETHUSDT,-1,0.0,-0.065,0.0,0.0,0.0,0.0,-0.0,0.0,0.0,1.0,1.0,1.0,0.0,-0.0,0.7,0.0,low,637.0,4269.78,none
1770214119832,ETHUSDT,-1,0.0,-0.065,0.0,0.0,0.0,0.0,-0.0,0.0,0.0,1.0,1.0,1.0,0.0,-0.0,0.7,0.0,low,3056.0,4257.69,none
1770214119852,ETHUSDT,-1,0.0,-0.065,0.0,0.0,0.0,0.0,-0.0,0.0,0.0,1.0,1.0,1.0,0.0,-0.0,0.7,0.0,low,3056.0,4257.69,none
1770214119898,BTCUSDT,1,0.0,0.175,0.0,0.0,0.0,0.0,-0.0,0.0,1.0,0.0,1.0,1.0,0.0,-0.0,0.7,0.0,low,191807.0,559775.65,none
1770214120459,ETHUSDT,-1,0.8926,-0.4236,0.0,0.5287,0.0,0.0,0.0,1.0,0.0,1.0,1.0,1.0,0.0,-0.0,0.7,0.0,low,1.0,4272.97,enter
1770214120460,BTCUSDT,1,0.0,0.1714,0.0,0.0,0.0,0.0,-0.0,0.0,1.0,0.0,1.0,1.0,0.0,-0.0,0.7,0.0,low,191807.0,559775.65,none
1770214120460,BTCUSDT,1,0.0,0.1714,0.0,0.0,0.0,0.0,-0.0,0.0,1.0,0.0,1.0,1.0,0.0,-0.0,0.7,0.0,low,2325.0,557862.45,none
1770214120461,ETHUSDT,-1,0.0,-0.4257,0.0,0.5356,0.0,0.0,0.0,1.0,0.0,1.0,1.0,1.0,0.0,-0.0,0.7,0.0,low,1.0,4272.97,none
1770214121229,ETHUSDT,-1,0.8936,-0.4257,0.0,0.5356,0.0,0.0,0.0,1.0,0.0,1.0,1.0,1.0,0.0,-0.0,0.7,0.0,low,1.0,4272.97,enter
1770214121801,ETHUSDT,-1,0.7366,-0.2057,0.0,0.5355,0.0,0.0,0.0,0.5,0.0,0.0,1.0,1.0,0.0,-0.0,0.7,0.0,low,1.0,4272.97,enter
1770214121801,BTCUSDT,1,0.0,0.0514,0.0,0.0,0.0,0.0,-0.0,0.0,0.0,0.0,1.0,1.0,0.0,-0.0,0.7,0.0,low,2325.0,557862.45,none
1770214122019,ETHUSDT,-1,0.7389,-0.2081,0.0,0.5355,0.0,0.0,0.0,0.5,0.0,0.0,1.0,1.0,0.0,-0.0,0.7,0.0,low,1.0,4272.97,enter
1770214122515,ETHUSDT,-1,0.7378,-0.2069,0.0,0.5355,0.0,0.0,0.0,0.5,0.0,0.0,0.0,0.0,0.0,-0.0,0.7,0.0,low,1.0,4272.97,enter
1770214123008,ETHUSDT,-1,0.7371,-0.2062,0.0,0.5372,0.0,0.0,0.0,0.5,0.0,0.0,0.0,0.0,0.0,-0.0,0.7,0.0,low,1.0,4272.97,enter
1770214123195,ETHUSDT,-1,0.7427,-0.212,0.0,0.5366,0.0,0.0,0.0,0.5,0.0,0.0,0.0,0.0,0.0,-0.0,0.7,0.0,low,1.0,4272.97,enter
1770214123196,ETHUSDT,-1,0.0,-0.3121,0.0,0.5369,0.0,0.0,0.0,1.0,0.0,0.0,0.0,0.0,0.0,-0.0,0.7,0.0,low,1.0,4272.97,none
1770214123196,ETHUSDT,-1,0.0,-0.2108,0.0,0.5368,0.0,0.0,0.0,0.5,0.0,0.0,0.0,0.0,0.0,-0.0,0.7,0.0,low,1.0,4272.97,none
1770214123196,ETHUSDT,-1,0.0,-0.2096,0.0,0.5368,0.0,0.0,0.0,0.5,0.0,0.0,0.0,0.0,0.0,-0.0,0.7,0.0,low,1.0,4272.97,none
1770214123196,ETHUSDT,-1,0.0,-0.2084,0.0,0.5368,0.0,0.0,0.0,0.5,0.0,0.0,0.0,0.0,0.0,-0.0,0.7,0.0,low,1.0,4272.97,none
1770214123197,ETHUSDT,-1,0.0,-0.2084,0.0,0.5368,0.0,0.0,0.0,0.5,0.0,0.0,0.0,0.0,0.0,-0.0,0.7,0.0,low,1.0,4272.97,none
1770214123197,ETHUSDT,-1,0.0,-0.2072,0.0,0.5368,0.0,0.0,0.0,0.5,0.0,0.0,0.0,0.0,0.0,-0.0,0.7,0.0,low,1.0,4272.97,none
1770214123197,ETHUSDT,-1,0.0,-0.206,0.0,0.5368,0.0,0.0,0.0,0.5,0.0,0.0,0.0,0.0,0.0,-0.0,0.7,0.0,low,1.0,4272.97,none
1770214123197,ETHUSDT,-1,0.0,-0.2062,0.0,0.5373,0.0,0.0,0.0,0.5,0.0,0.0,0.0,0.0,0.0,-0.0,0.7,0.0,low,1.0,4272.97,none
1770214123198,BTCUSDT,1,0.0,0.049,0.0,0.0,0.0,0.0,-0.0,0.0,0.0,0.0,0.0,0.0,0.0,-0.0,0.7,0.0,low,2325.0,557862.45,none
1770214123198,BTCUSDT,1,0.0,0.0502,0.0,0.0,0.0,0.0,-0.0,0.0,0.0,0.0,0.0,0.0,0.0,-0.0,0.7,0.0,low,2325.0,557862.45,none
1770214123198,BTCUSDT,1,0.0,0.0514,0.0,0.0,0.0,0.0,-0.0,0.0,0.0,0.0,0.0,0.0,0.0,-0.0,0.7,0.0,low,2325.0,557862.45,none
1770214123198,ETHUSDT,-1,0.0,-0.2061,0.0,0.5371,0.0,0.0,0.0,0.5,0.0,0.0,0.0,0.0,0.0,-0.0,0.7,0.0,low,1.0,4272.97,none
1770214123199,ETHUSDT,-1,0.0,-0.2061,0.0,0.5371,0.0,0.0,0.0,0.5,0.0,0.0,0.0,0.0,0.0,-0.0,0.7,0.0,low,1.0,4272.97,none
1770214123199,ETHUSDT,-1,0.0,-0.2061,0.0,0.5371,0.0,0.0,0.0,0.5,0.0,0.0,0.0,0.0,0.0,-0.0,0.7,0.0,low,1.0,4272.97,none
1770214123199,ETHUSDT,-1,0.0,-0.2061,0.0,0.5371,0.0,0.0,0.0,0.5,0.0,0.0,0.0,0.0,0.0,-0.0,0.7,0.0,low,1.0,4272.97,none
1770214123199,ETHUSDT,-1,0.0,-0.2061,0.0,0.5371,0.0,0.0,0.0,0.5,0.0,0.0,0.0,0.0,0.0,-0.0,0.7,0.0,low,1.0,4272.97,none
1770214123200,BTCUSDT,1,0.0,0.1314,0.0,0.0,0.0,0.0,-0.0,0.0,0.0,0.0,1.0,0.0,0.0,-0.0,0.7,0.0,low,2325.0,557862.45,none
1770214123200,BTCUSDT,1,0.0,0.1326,0.0,0.0,0.0,0.0,-0.0,0.0,0.0,0.0,1.0,0.0,0.0,-0.0,0.7,0.0,low,2325.0,557862.45,none
1770214123200,BTCUSDT,1,0.0,0.1338,0.0,0.0,0.0,0.0,-0.0,0.0,0.0,0.0,1.0,0.0,0.0,-0.0,0.7,0.0,low,2325.0,557862.45,none
1770214123200,BTCUSDT,1,0.0,0.135,0.0,0.0,0.0,0.0,-0.0,0.0,0.0,0.0,1.0,0.0,0.0,-0.0,0.7,0.0,low,2325.0,557862.45,none
1770214123201,BTCUSDT,1,0.0,0.135,0.0,0.0,0.0,0.0,-0.0,0.0,0.0,0.0,1.0,0.0,0.0,-0.0,0.7,0.0,low,2325.0,557862.45,none
1770214123291,ETHUSDT,-1,0.0,-0.2061,0.0,0.5371,0.0,0.0,0.0,0.5,0.0,0.0,0.0,0.0,0.0,-0.0,0.7,0.0,low,1.0,4272.97,none
1770214123821,ETHUSDT,-1,0.737,-0.2061,0.0,0.5371,0.0,0.0,0.0,0.5,0.0,0.0,0.0,0.0,0.0,-0.0,0.7,0.0,low,1.0,4272.97,enter
1770214123821,ETHUSDT,-1,0.0,-0.2087,0.0,0.5376,0.0,0.0,0.0,0.5,0.0,0.0,0.0,0.0,0.0,-0.0,0.7,0.0,low,1.0,4272.97,none
1770214123822,ETHUSDT,-1,0.0,-0.2074,0.0,0.5374,0.0,0.0,0.0,0.5,0.0,0.0,0.0,0.0,0.0,-0.0,0.7,0.0,low,1.0,4272.97,none
1770214123822,ETHUSDT,-1,0.0,-0.2062,0.0,0.5374,0.0,0.0,0.0,0.5,0.0,0.0,0.0,0.0,0.0,-0.0,0.7,0.0,low,1.0,4272.97,none
1770214123822,ETHUSDT,-1,0.0,-0.2062,0.0,0.5374,0.0,0.0,0.0,0.5,0.0,0.0,0.0,0.0,0.0,-0.0,0.7,0.0,low,1.0,4272.97,none
1770214123822,ETHUSDT,-1,0.0,-0.2062,0.0,0.5374,0.0,0.0,0.0,0.5,0.0,0.0,0.0,0.0,0.0,-0.0,0.7,0.0,low,1.0,4272.97,none
1770214123823,BTCUSDT,1,0.0,0.1326,0.0,0.0,0.0,0.0,-0.0,0.0,0.0,0.0,1.0,0.0,0.0,-0.0,0.7,0.0,low,2325.0,557862.45,none
1770214123823,BTCUSDT,1,0.0,0.1326,0.0,0.0,0.0,0.0,-0.0,0.0,0.0,0.0,1.0,0.0,0.0,-0.0,0.7,0.0,low,2325.0,557862.45,none
1770214123823,BTCUSDT,1,0.0,0.1338,0.0,0.0,0.0,0.0,-0.0,0.0,0.0,0.0,1.0,0.0,0.0,-0.0,0.7,0.0,low,2325.0,557862.45,none
1770214123823,BTCUSDT,1,0.0,0.135,0.0,0.0,0.0,0.0,-0.0,0.0,0.0,0.0,1.0,0.0,0.0,-0.0,0.7,0.0,low,2325.0,557862.45,none
1770214123823,BTCUSDT,1,0.0,0.135,0.0,0.0,0.0,0.0,-0.0,0.0,0.0,0.0,1.0,0.0,0.0,-0.0,0.7,0.0,low,2325.0,557862.45,none
1770214123824,BTCUSDT,1,0.0,0.135,0.0,0.0,0.0,0.0,-0.0,0.0,0.0,0.0,1.0,0.0,0.0,-0.0,0.7,0.0,low,2325.0,557862.45,none
1770214123824,BTCUSDT,1,0.0,0.135,0.0,0.0,0.0,0.0,-0.0,0.0,0.0,0.0,1.0,0.0,0.0,-0.0,0.7,0.0,low,2325.0,557862.45,none
1770214123824,BTCUSDT,1,0.0,0.135,0.0,0.0,0.0,0.0,-0.0,0.0,0.0,0.0,1.0,0.0,0.0,-0.0,0.7,0.0,low,2325.0,557862.45,none
1770214123858,ETHUSDT,-1,0.0,-0.1062,0.0,0.5374,0.0,0.0,-0.0,0.0,0.0,0.0,0.0,0.0,0.0,-0.0,0.7,0.0,low,1.0,4272.97,none
1770214123858,ETHUSDT,-1,0.6297,-0.1062,0.0,0.5374,0.0,0.0,-0.0,0.0,0.0,0.0,0.0,0.0,0.0,-0.0,0.7,0.0,low,1.0,4272.97,none
1770214123864,ETHUSDT,-1,0.6297,-0.1062,0.0,0.5374,0.0,0.0,-0.0,0.0,0.0,0.0,0.0,0.0,0.0,-0.0,0.7,0.0,low,1.0,4272.97,none
1770214123871,ETHUSDT,-1,0.6297,-0.1062,0.0,0.5373,0.0,0.0,-0.0,0.0,0.0,0.0,0.0,0.0,0.0,-0.0,0.7,0.0,low,1.0,4272.97,none
1770214123919,BTCUSDT,1,0.0,0.135,0.0,0.0,0.0,0.0,-0.0,0.0,0.0,0.0,1.0,0.0,0.0,-0.0,0.7,0.0,low,2325.0,557862.45,none
1770214124115,ETHUSDT,-1,0.756,-0.2262,0.0,0.5374,0.0,0.0,-0.0,0.0,0.0,1.0,0.0,0.0,0.0,-0.0,0.7,0.0,low,1.0,4272.97,enter
1770214124115,ETHUSDT,-1,0.0,-0.2262,0.0,0.5374,0.0,0.0,-0.0,0.0,0.0,1.0,0.0,0.0,0.0,-0.0,0.7,0.0,low,1.0,4272.97,none
1770214124115,ETHUSDT,-1,0.0,-0.2262,0.0,0.5374,0.0,0.0,-0.0,0.0,0.0,1.0,0.0,0.0,0.0,-0.0,0.7,0.0,low,1.0,4272.97,none
1770214124116,ETHUSDT,-1,0.0,-0.2262,0.0,0.5374,0.0,0.0,-0.0,0.0,0.0,1.0,0.0,0.0,0.0,-0.0,0.7,0.0,low,1.0,4272.97,none
1770214124116,ETHUSDT,-1,0.0,-0.2262,0.0,0.5374,0.0,0.0,-0.0,0.0,0.0,1.0,0.0,0.0,0.0,-0.0,0.7,0.0,low,1.0,4272.97,none
1770214124116,ETHUSDT,-1,0.0,-0.2262,0.0,0.5374,0.0,0.0,-0.0,0.0,0.0,1.0,0.0,0.0,0.0,-0.0,0.7,0.0,low,1.0,4272.97,none
1770214124117,ETHUSDT,-1,0.0,-0.2262,0.0,0.5374,0.0,0.0,-0.0,0.0,0.0,1.0,0.0,0.0,0.0,-0.0,0.7,0.0,low,1.0,4272.97,none
1770214124117,ETHUSDT,-1,0.0,-0.2262,0.0,0.5374,0.0,0.0,-0.0,0.0,0.0,1.0,0.0,0.0,0.0,-0.0,0.7,0.0,low,1.0,4272.97,none
1770214124117,ETHUSDT,-1,0.0,-0.2262,0.0,0.5374,0.0,0.0,-0.0,0.0,0.0,1.0,0.0,0.0,0.0,-0.0,0.7,0.0,low,1.0,4272.97,none
1770214124117,ETHUSDT,-1,0.0,-0.2262,0.0,0.5374,0.0,0.0,-0.0,0.0,0.0,1.0,0.0,0.0,0.0,-0.0,0.7,0.0,low,1.0,4272.97,none
1770214124118,ETHUSDT,-1,0.0,-0.2262,0.0,0.5374,0.0,0.0,-0.0,0.0,0.0,1.0,0.0,0.0,0.0,-0.0,0.7,0.0,low,1.0,4272.97,none
1770214124118,ETHUSDT,-1,0.0,-0.2262,0.0,0.5374,0.0,0.0,-0.0,0.0,0.0,1.0,0.0,0.0,0.0,-0.0,0.7,0.0,low,1.0,4272.97,none
1770214124118,ETHUSDT,-1,0.0,-0.2262,0.0,0.5374,0.0,0.0,-0.0,0.0,0.0,1.0,0.0,0.0,0.0,-0.0,0.7,0.0,low,1.0,4272.97,none
1770214124118,ETHUSDT,-1,0.0,-0.2262,0.0,0.5374,0.0,0.0,-0.0,0.0,0.0,1.0,0.0,0.0,0.0,-0.0,0.7,0.0,low,1.0,4272.97,none
1770214124119,ETHUSDT,-1,0.0,-0.2262,0.0,0.5374,0.0,0.0,-0.0,0.0,0.0,1.0,0.0,0.0,0.0,-0.0,0.7,0.0,low,1.0,4272.97,none
1770214124119,ETHUSDT,-1,0.0,-0.2262,0.0,0.5374,0.0,0.0,-0.0,0.0,0.0,1.0,0.0,0.0,0.0,-0.0,0.7,0.0,low,1.0,4272.97,none
1770214124119,ETHUSDT,-1,0.0,-0.2262,0.0,0.5374,0.0,0.0,-0.0,0.0,0.0,1.0,0.0,0.0,0.0,-0.0,0.7,0.0,low,1.0,4272.97,none
1770214124120,ETHUSDT,-1,0.0,-0.2262,0.0,0.5374,0.0,0.0,-0.0,0.0,0.0,1.0,0.0,0.0,0.0,-0.0,0.7,0.0,low,1.0,4272.97,none
1770214124120,ETHUSDT,-1,0.0,-0.2262,0.0,0.5374,0.0,0.0,-0.0,0.0,0.0,1.0,0.0,0.0,0.0,-0.0,0.7,0.0,low,1.0,4272.97,none
1770214124120,ETHUSDT,-1,0.0,-0.2262,0.0,0.5374,0.0,0.0,-0.0,0.0,0.0,1.0,0.0,0.0,0.0,-0.0,0.7,0.0,low,1.0,4272.97,none
1770214124120,ETHUSDT,-1,0.0,-0.2262,0.0,0.5374,0.0,0.0,-0.0,0.0,0.0,1.0,0.0,0.0,0.0,-0.0,0.7,0.0,low,1.0,4272.97,none
1770214124121,ETHUSDT,-1,0.0,-0.2262,0.0,0.5374,0.0,0.0,-0.0,0.0,0.0,1.0,0.0,0.0,0.0,-0.0,0.7,0.0,low,1.0,4272.97,none
1770214124121,ETHUSDT,-1,0.0,-0.065,0.0,0.0,0.0,0.0,-0.0,0.0,0.0,1.0,1.0,1.0,0.0,-0.0,0.7,0.0,low,872.0,4097.7,none
1770214124121,ETHUSDT,-1,0.0,-0.065,0.0,0.0,0.0,0.0,-0.0,0.0,0.0,1.0,1.0,1.0,0.0,-0.0,0.7,0.0,low,872.0,4097.7,none
1770214124122,ETHUSDT,-1,0.0,-0.065,0.0,0.0,0.0,0.0,-0.0,0.0,0.0,1.0,1.0,1.0,0.0,-0.0,0.7,0.0,low,872.0,4097.7,none
1770214124122,BTCUSDT,1,0.0,0.135,0.0,0.0,0.0,0.0,-0.0,0.0,0.0,0.0,1.0,0.0,0.0,-0.0,0.7,0.0,low,2325.0,557862.45,none
1770214124122,BTCUSDT,1,0.0,0.1083,0.0,0.0,0.0,0.0,-0.0,0.0,0.0,0.0,1.0,0.3333,0.0,-0.0,0.7,0.0,low,58076.0,566462.2,none
1770214124131,BTCUSDT,1,0.0,0.1083,0.0,0.0,0.0,0.0,-0.0,0.0,0.0,0.0,1.0,0.3333,0.0,-0.0,0.7,0.0,low,58076.0,566462.2,none
1770214124131,BTCUSDT,1,0.0,0.1083,0.0,0.0,0.0,0.0,-0.0,0.0,0.0,0.0,1.0,0.3333,0.0,-0.0,0.7,0.0,low,58076.0,566462.2,none
1770214124131,BTCUSDT,1,0.0,0.1083,0.0,0.0,0.0,0.0,-0.0,0.0,0.0,0.0,1.0,0.3333,0.0,-0.0,0.7,0.0,low,58076.0,566462.2,none
1770214124131,BTCUSDT,1,0.0,0.1083,0.0,0.0,0.0,0.0,-0.0,0.0,0.0,0.0,1.0,0.3333,0.0,-0.0,0.7,0.0,low,58076.0,566462.2,none
1770214124131,BTCUSDT,1,0.0,0.1083,0.0,0.0,0.0,0.0,-0.0,0.0,0.0,0.0,1.0,0.3333,0.0,-0.0,0.7,0.0,low,58076.0,566462.2,none
1770214124132,BTCUSDT,1,0.0,0.1083,0.0,0.0,0.0,0.0,-0.0,0.0,0.0,0.0,1.0,0.3333,0.0,-0.0,0.7,0.0,low,58076.0,566462.2,none
1770214124132,BTCUSDT,1,0.0,0.1083,0.0,0.0,0.0,0.0,-0.0,0.0,0.0,0.0,1.0,0.3333,0.0,-0.0,0.7,0.0,low,58076.0,566462.2,none
1770214124132,BTCUSDT,1,0.0,0.1083,0.0,0.0,0.0,0.0,-0.0,0.0,0.0,0.0,1.0,0.3333,0.0,-0.0,0.7,0.0,low,58076.0,566462.2,none
1770214124132,BTCUSDT,1,0.0,0.1083,0.0,0.0,0.0,0.0,-0.0,0.0,0.0,0.0,1.0,0.3333,0.0,-0.0,0.7,0.0,low,58076.0,566462.2,none
1770214124132,BTCUSDT,1,0.0,0.1083,0.0,0.0,0.0,0.0,-0.0,0.0,0.0,0.0,1.0,0.3333,0.0,-0.0,0.7,0.0,low,58076.0,566462.2,none
1770214124133,BTCUSDT,1,0.0,0.1083,0.0,0.0,0.0,0.0,-0.0,0.0,0.0,0.0,1.0,0.3333,0.0,-0.0,0.7,0.0,low,58076.0,566462.2,none
1770214124138,BTCUSDT,1,0.0,0.055,0.0,0.0,0.0,0.0,-0.0,0.0,0.0,0.0,1.0,1.0,0.0,-0.0,0.7,0.0,low,2711622.0,411238.1,none
1770214124157,BTCUSDT,1,0.0,0.055,0.0,0.0,0.0,0.0,-0.0,0.0,0.0,0.0,1.0,1.0,0.0,-0.0,0.7,0.0,low,446749.0,524481.75,none
1770214124233,ETHUSDT,-1,0.0,-0.065,0.0,0.0,0.0,0.0,-0.0,0.0,0.0,1.0,1.0,1.0,0.0,-0.0,0.7,0.0,low,872.0,4097.7,none
1770214124394,ETHUSDT,-1,0.0,-0.065,0.0,0.0,0.0,0.0,-0.0,0.0,0.0,1.0,1.0,1.0,0.0,-0.0,0.7,0.0,low,872.0,4097.7,none
1770214124395,ETHUSDT,-1,0.0,-0.065,0.0,0.0,0.0,0.0,-0.0,0.0,0.0,1.0,1.0,1.0,0.0,-0.0,0.7,0.0,low,872.0,4097.7,none
1770214124395,ETHUSDT,-1,0.0,-0.065,0.0,0.0,0.0,0.0,-0.0,0.0,0.0,1.0,1.0,1.0,0.0,-0.0,0.7,0.0,low,872.0,4097.7,none
1770214124411,ETHUSDT,-1,0.0,-0.065,0.0,0.0,0.0,0.0,-0.0,0.0,0.0,1.0,1.0,1.0,0.0,-0.0,0.7,0.0,low,872.0,4097.7,none
1770214124417,BTCUSDT,1,0.0,0.055,0.0,0.0,0.0,0.0,-0.0,0.0,0.0,0.0,1.0,1.0,0.0,-0.0,0.7,0.0,low,446749.0,524481.75,none
1770214124470,BTCUSDT,1,0.0,0.055,0.0,0.0,0.0,0.0,-0.0,0.0,0.0,0.0,1.0,1.0,0.0,-0.0,0.7,0.0,low,446749.0,524481.75,none
1770214124475,BTCUSDT,1,0.0,0.055,0.0,0.0,0.0,0.0,-0.0,0.0,0.0,0.0,1.0,1.0,0.0,-0.0,0.7,0.0,low,446749.0,524481.75,none
1770214124476,BTCUSDT,1,0.0,0.055,0.0,0.0,0.0,0.0,-0.0,0.0,0.0,0.0,1.0,1.0,0.0,-0.0,0.7,0.0,low,446749.0,524481.75,none
1770214124479,BTCUSDT,1,0.0,0.055,0.0,0.0,0.0,0.0,-0.0,0.0,0.0,0.0,1.0,1.0,0.0,-0.0,0.7,0.0,low,446749.0,524481.75,none
1770214124920,BTCUSDT,1,0.0,0.055,0.0,0.0,0.0,0.0,-0.0,0.0,0.0,0.0,1.0,1.0,0.0,-0.0,0.7,0.0,low,446749.0,524481.75,none
1770214125441,ETHUSDT,-1,0.8935,-0.4254,0.0,0.5308,0.0,0.0,0.0,1.0,0.0,1.0,1.0,1.0,0.0,-0.0,0.7,0.0,low,1.0,4102.06,enter
1770214125628,ETHUSDT,-1,0.8945,-0.4275,0.0,0.5376,0.0,0.0,0.0,1.0,0.0,1.0,1.0,1.0,0.0,-0.0,0.7,0.0,low,1.0,4102.06,enter
1770214125629,BTCUSDT,1,0.0,0.0526,0.0,0.0,0.0,0.0,-0.0,0.0,0.0,0.0,1.0,1.0,0.0,-0.0,0.7,0.0,low,446749.0,524481.75,none
1770214125629,BTCUSDT,1,0.0,0.0526,0.0,0.0,0.0,0.0,-0.0,0.0,0.0,0.0,1.0,1.0,0.0,-0.0,0.7,0.0,low,2234.0,535771.2,none
1770214125630,BTCUSDT,1,0.0,0.0526,0.0,0.0,0.0,0.0,-0.0,0.0,0.0,0.0,1.0,1.0,0.0,-0.0,0.7,0.0,low,2234.0,535771.2,none
1770214126134,ETHUSDT,-1,0.8945,-0.4275,0.0,0.5376,0.0,0.0,0.0,1.0,0.0,1.0,1.0,1.0,0.0,-0.0,0.7,0.0,low,1.0,4102.06,enter
1770214126135,BTCUSDT,1,0.0,0.055,0.0,0.0,0.0,0.0,-0.0,0.0,0.0,0.0,1.0,1.0,0.0,-0.0,0.7,0.0,low,2234.0,535771.2,none
1770214126136,BTCUSDT,1,0.0,0.055,0.0,0.0,0.0,0.0,-0.0,0.0,0.0,0.0,1.0,1.0,0.0,-0.0,0.7,0.0,low,2234.0,535771.2,none
1770214126136,BTCUSDT,1,0.0,0.055,0.0,0.0,0.0,0.0,-0.0,0.0,0.0,0.0,1.0,1.0,0.0,-0.0,0.7,0.0,low,2234.0,535771.2,none
1770214126136,BTCUSDT,1,0.0,0.055,0.0,0.0,0.0,0.0,-0.0,0.0,0.0,0.0,1.0,1.0,0.0,-0.0,0.7,0.0,low,2234.0,535771.2,none
1770214126137,BTCUSDT,1,0.0,0.055,0.0,0.0,0.0,0.0,-0.0,0.0,0.0,0.0,1.0,1.0,0.0,-0.0,0.7,0.0,low,2234.0,535771.2,none
1770214126137,BTCUSDT,1,0.0,0.055,0.0,0.0,0.0,0.0,-0.0,0.0,0.0,0.0,1.0,1.0,0.0,-0.0,0.7,0.0,low,2234.0,535771.2,none
1770214126137,BTCUSDT,1,0.0,0.055,0.0,0.0,0.0,0.0,-0.0,0.0,0.0,0.0,1.0,1.0,0.0,-0.0,0.7,0.0,low,2234.0,535771.2,none
1770214126137,BTCUSDT,1,0.0,0.055,0.0,0.0,0.0,0.0,-0.0,0.0,0.0,0.0,1.0,1.0,0.0,-0.0,0.7,0.0,low,2234.0,535771.2,none
1770214126138,BTCUSDT,1,0.0,0.055,0.0,0.0,0.0,0.0,-0.0,0.0,0.0,0.0,1.0,1.0,0.0,-0.0,0.7,0.0,low,2234.0,535771.2,none
1770214126138,BTCUSDT,1,0.0,0.055,0.0,0.0,0.0,0.0,-0.0,0.0,0.0,0.0,1.0,1.0,0.0,-0.0,0.7,0.0,low,2234.0,535771.2,none
1770214126138,BTCUSDT,1,0.0,0.055,0.0,0.0,0.0,0.0,-0.0,0.0,0.0,0.0,1.0,1.0,0.0,-0.0,0.7,0.0,low,2234.0,535771.2,none
1770214126138,BTCUSDT,1,0.0,0.055,0.0,0.0,0.0,0.0,-0.0,0.0,0.0,0.0,1.0,1.0,0.0,-0.0,0.7,0.0,low,2234.0,535771.2,none
1770214126139,BTCUSDT,1,0.0,0.055,0.0,0.0,0.0,0.0,-0.0,0.0,0.0,0.0,1.0,1.0,0.0,-0.0,0.7,0.0,low,2234.0,535771.2,none
1770214126944,ETHUSDT,-1,0.7418,-0.2111,0.0,0.5376,0.0,0.0,0.0,0.5,0.0,0.0,1.0,1.0,0.0,-0.0,0.7,0.0,low,1.0,4102.06,enter
1770214127167,ETHUSDT,-1,0.7384,-0.2075,0.0,0.5376,0.0,0.0,0.0,0.5,0.0,0.0,0.0,0.0,0.0,-0.0,0.7,0.0,low,1.0,4102.06,enter
1770214127428,ETHUSDT,-1,0.7373,-0.2064,0.0,0.5381,0.0,0.0,0.0,0.5,0.0,0.0,0.0,0.0,0.0,-0.0,0.7,0.0,low,1.0,4102.06,enter
1770214127428,ETHUSDT,-1,0.0,-0.2064,0.0,0.5379,0.0,0.0,0.0,0.5,0.0,0.0,0.0,0.0,0.0,-0.0,0.7,0.0,low,1.0,4102.06,none
1770214127429,ETHUSDT,-1,0.0,-0.2064,0.0,0.5379,0.0,0.0,0.0,0.5,0.0,0.0,0.0,0.0,0.0,-0.0,0.7,0.0,low,1.0,4102.06,none
1770214127429,ETHUSDT,-1,0.0,-0.2064,0.0,0.5379,0.0,0.0,0.0,0.5,0.0,0.0,0.0,0.0,0.0,-0.0,0.7,0.0,low,1.0,4102.06,none
1770214127429,ETHUSDT,-1,0.0,-0.2064,0.0,0.5379,0.0,0.0,0.0,0.5,0.0,0.0,0.0,0.0,0.0,-0.0,0.7,0.0,low,1.0,4102.06,none
1770214127429,ETHUSDT,-1,0.0,-0.2067,0.0,0.5391,0.0,0.0,0.0,0.5,0.0,0.0,0.0,0.0,0.0,-0.0,0.7,0.0,low,1.0,4102.06,none
1770214127456,ETHUSDT,-1,0.0,-0.2066,0.0,0.5387,0.0,0.0,0.0,0.5,0.0,0.0,0.0,0.0,0.0,-0.0,0.7,0.0,low,1.0,4102.06,none
1770214127958,ETHUSDT,-1,0.7375,-0.2066,0.0,0.5387,0.0,0.0,0.0,0.5,0.0,0.0,0.0,0.0,0.0,-0.0,0.7,0.0,low,1.0,4102.06,enter
1770214128142,ETHUSDT,-1,0.7375,-0.2066,0.0,0.5387,0.0,0.0,0.0,0.5,0.0,0.0,0.0,0.0,0.0,-0.0,0.7,0.0,low,1.0,4102.06,enter
1770214128339,ETHUSDT,-1,0.7375,-0.2066,0.0,0.5387,0.0,0.0,0.0,0.5,0.0,0.0,0.0,0.0,0.0,-0.0,0.7,0.0,low,1.0,4102.06,enter
1770214128341,ETHUSDT,-1,0.0,-0.2078,0.0,0.5387,0.0,0.0,0.0,0.5,0.0,0.0,0.0,0.0,0.0,-0.0,0.7,0.0,low,1.0,4102.06,none
1770214128341,ETHUSDT,-1,0.0,-0.2066,0.0,0.5387,0.0,0.0,0.0,0.5,0.0,0.0,0.0,0.0,0.0,-0.0,0.7,0.0,low,1.0,4102.06,none
1770214128341,ETHUSDT,-1,0.0,-0.2066,0.0,0.5387,0.0,0.0,0.0,0.5,0.0,0.0,0.0,0.0,0.0,-0.0,0.7,0.0,low,1.0,4102.06,none
1770214128341,ETHUSDT,-1,0.0,-0.2066,0.0,0.5387,0.0,0.0,0.0,0.5,0.0,0.0,0.0,0.0,0.0,-0.0,0.7,0.0,low,1.0,4102.06,none
1770214128342,ETHUSDT,-1,0.0,-0.2066,0.0,0.5387,0.0,0.0,0.0,0.5,0.0,0.0,0.0,0.0,0.0,-0.0,0.7,0.0,low,1.0,4102.06,none
1770214128342,BTCUSDT,1,0.0,0.0526,0.0,0.0,0.0,0.0,-0.0,0.0,0.0,0.0,0.0,0.0,0.0,-0.0,0.7,0.0,low,2234.0,535771.2,none
1770214128342,ETHUSDT,-1,0.0,-0.2066,0.0,0.5387,0.0,0.0,0.0,0.5,0.0,0.0,0.0,0.0,0.0,-0.0,0.7,0.0,low,1.0,4102.06,none
1770214128343,ETHUSDT,-1,0.0,-0.2066,0.0,0.5387,0.0,0.0,0.0,0.5,0.0,0.0,0.0,0.0,0.0,-0.0,0.7,0.0,low,1.0,4102.06,none
1770214128343,ETHUSDT,-1,0.0,-0.2067,0.0,0.5392,0.0,0.0,0.0,0.5,0.0,0.0,0.0,0.0,0.0,-0.0,0.7,0.0,low,1.0,4102.06,none
1770214128343,ETHUSDT,-1,0.0,-0.2067,0.0,0.539,0.0,0.0,0.0,0.5,0.0,0.0,0.0,0.0,0.0,-0.0,0.7,0.0,low,1.0,4102.06,none
1770214128344,ETHUSDT,-1,0.0,-0.2067,0.0,0.539,0.0,0.0,0.0,0.5,0.0,0.0,0.0,0.0,0.0,-0.0,0.7,0.0,low,1.0,4102.06,none
1770214128344,ETHUSDT,-1,0.0,-0.2067,0.0,0.539,0.0,0.0,0.0,0.5,0.0,0.0,0.0,0.0,0.0,-0.0,0.7,0.0,low,1.0,4102.06,none
1770214128344,ETHUSDT,-1,0.0,-0.2067,0.0,0.539,0.0,0.0,0.0,0.5,0.0,0.0,0.0,0.0,0.0,-0.0,0.7,0.0,low,1.0,4102.06,none
1770214128345,ETHUSDT,-1,0.0,-0.2067,0.0,0.539,0.0,0.0,0.0,0.5,0.0,0.0,0.0,0.0,0.0,-0.0,0.7,0.0,low,1.0,4102.06,none
1770214128345,BTCUSDT,1,0.0,0.1326,0.0,0.0,0.0,0.0,-0.0,0.0,0.0,0.0,1.0,0.0,0.0,-0.0,0.7,0.0,low,2234.0,535771.2,none
1770214128345,BTCUSDT,1,0.0,0.1338,0.0,0.0,0.0,0.0,-0.0,0.0,0.0,0.0,1.0,0.0,0.0,-0.0,0.7,0.0,low,2234.0,535771.2,none
1770214128345,BTCUSDT,1,0.0,0.135,0.0,0.0,0.0,0.0,-0.0,0.0,0.0,0.0,1.0,0.0,0.0,-0.0,0.7,0.0,low,2234.0,535771.2,none
1770214128346,BTCUSDT,1,0.0,0.135,0.0,0.0,0.0,0.0,-0.0,0.0,0.0,0.0,1.0,0.0,0.0,-0.0,0.7,0.0,low,2234.0,535771.2,none
1770214128346,BTCUSDT,1,0.0,0.1083,0.0,0.0,0.0,0.0,-0.0,0.0,0.0,0.0,1.0,0.3333,0.0,-0.0,0.7,0.0,low,55775.0,544030.45,none
1770214128423,ETHUSDT,-1,0.0,-0.2067,0.0,0.539,0.0,0.0,0.0,0.5,0.0,0.0,0.0,0.0,0.0,-0.0,0.7,0.0,low,1.0,4102.06,none
1770214128926,ETHUSDT,-1,0.7376,-0.2067,0.0,0.539,0.0,0.0,0.0,0.5,0.0,0.0,0.0,0.0,0.0,-0.0,0.7,0.0,low,1.0,4102.06,enter
1770214128927,ETHUSDT,-1,0.6331,-0.1091,0.0,0.5389,0.0,0.0,-0.0,0.0,0.0,0.0,0.0,0.0,0.0,-0.0,0.7,0.0,low,1.0,4102.06,none
1770214128927,ETHUSDT,-1,0.6317,-0.1079,0.0,0.5389,0.0,0.0,-0.0,0.0,0.0,0.0,0.0,0.0,0.0,-0.0,0.7,0.0,low,1.0,4102.06,none
1770214128927,ETHUSDT,-1,0.6303,-0.1067,0.0,0.5389,0.0,0.0,-0.0,0.0,0.0,0.0,0.0,0.0,0.0,-0.0,0.7,0.0,low,1.0,4102.06,none
1770214128928,ETHUSDT,-1,0.6303,-0.1067,0.0,0.5389,0.0,0.0,-0.0,0.0,0.0,0.0,0.0,0.0,0.0,-0.0,0.7,0.0,low,1.0,4102.06,none
1770214128928,ETHUSDT,-1,0.6305,-0.1069,0.0,0.5396,0.0,0.0,-0.0,0.0,0.0,0.0,0.0,0.0,0.0,-0.0,0.7,0.0,low,1.0,4102.06,none
1770214128928,BTCUSDT,1,0.0,0.1059,0.0,0.0,0.0,0.0,-0.0,0.0,0.0,0.0,1.0,0.3333,0.0,-0.0,0.7,0.0,low,55775.0,544030.45,none
1770214128928,BTCUSDT,1,0.0,0.1059,0.0,0.0,0.0,0.0,-0.0,0.0,0.0,0.0,1.0,0.3333,0.0,-0.0,0.7,0.0,low,55775.0,544030.45,none
1770214128929,BTCUSDT,1,0.0,0.1071,0.0,0.0,0.0,0.0,-0.0,0.0,0.0,0.0,1.0,0.3333,0.0,-0.0,0.7,0.0,low,55775.0,544030.45,none
1770214128929,BTCUSDT,1,0.0,0.1083,0.0,0.0,0.0,0.0,-0.0,0.0,0.0,0.0,1.0,0.3333,0.0,-0.0,0.7,0.0,low,55775.0,544030.45,none
1770214128929,BTCUSDT,1,0.0,0.1083,0.0,0.0,0.0,0.0,-0.0,0.0,0.0,0.0,1.0,0.3333,0.0,-0.0,0.7,0.0,low,55775.0,544030.45,none
1770214128929,ETHUSDT,-1,0.6304,-0.1068,0.0,0.5394,0.0,0.0,-0.0,0.0,0.0,0.0,0.0,0.0,0.0,-0.0,0.7,0.0,low,1.0,4102.06,none
1770214129431,ETHUSDT,-1,0.7566,-0.2268,0.0,0.5394,0.0,0.0,-0.0,0.0,0.0,1.0,0.0,0.0,0.0,-0.0,0.7,0.0,low,1.0,4102.06,enter
1770214129432,ETHUSDT,-1,0.0,-0.065,0.0,0.0,0.0,0.0,-0.0,0.0,0.0,1.0,1.0,1.0,0.0,-0.0,0.7,0.0,low,279.0,3936.59,none
1770214129433,ETHUSDT,-1,0.0,-0.065,0.0,0.0,0.0,0.0,-0.0,0.0,0.0,1.0,1.0,1.0,0.0,-0.0,0.7,0.0,low,279.0,3936.59,none
1770214129433,ETHUSDT,-1,0.0,-0.065,0.0,0.0,0.0,0.0,-0.0,0.0,0.0,1.0,1.0,1.0,0.0,-0.0,0.7,0.0,low,279.0,3936.59,none
1770214129433,ETHUSDT,-1,0.0,-0.065,0.0,0.0,0.0,0.0,-0.0,0.0,0.0,1.0,1.0,1.0,0.0,-0.0,0.7,0.0,low,279.0,3936.59,none
1770214129434,ETHUSDT,-1,0.0,-0.065,0.0,0.0,0.0,0.0,-0.0,0.0,0.0,1.0,1.0,1.0,0.0,-0.0,0.7,0.0,low,279.0,3936.59,none
1770214129434,ETHUSDT,-1,0.0,-0.065,0.0,0.0,0.0,0.0,-0.0,0.0,0.0,1.0,1.0,1.0,0.0,-0.0,0.7,0.0,low,279.0,3936.59,none
1770214129434,BTCUSDT,1,0.0,0.1047,0.0,0.0,0.0,0.0,-0.0,0.0,0.0,0.0,1.0,0.3333,0.0,-0.0,0.7,0.0,low,55775.0,544030.45,none
1770214129435,BTCUSDT,1,0.0,0.1047,0.0,0.0,0.0,0.0,-0.0,0.0,0.0,0.0,1.0,0.3333,0.0,-0.0,0.7,0.0,low,55775.0,544030.45,none
1770214129435,BTCUSDT,1,0.0,0.1059,0.0,0.0,0.0,0.0,-0.0,0.0,0.0,0.0,1.0,0.3333,0.0,-0.0,0.7,0.0,low,55775.0,544030.45,none
1770214129435,BTCUSDT,1,0.0,0.1071,0.0,0.0,0.0,0.0,-0.0,0.0,0.0,0.0,1.0,0.3333,0.0,-0.0,0.7,0.0,low,55775.0,544030.45,none
1770214129435,BTCUSDT,1,0.0,0.1083,0.0,0.0,0.0,0.0,-0.0,0.0,0.0,0.0,1.0,0.3333,0.0,-0.0,0.7,0.0,low,55775.0,544030.45,none
1770214129435,BTCUSDT,1,0.0,0.1083,0.0,0.0,0.0,0.0,-0.0,0.0,0.0,0.0,1.0,0.3333,0.0,-0.0,0.7,0.0,low,55775.0,544030.45,none
1770214129436,BTCUSDT,1,0.0,0.1083,0.0,0.0,0.0,0.0,-0.0,0.0,0.0,0.0,1.0,0.3333,0.0,-0.0,0.7,0.0,low,55775.0,544030.45,none
1770214129436,BTCUSDT,1,0.0,0.1083,0.0,0.0,0.0,0.0,-0.0,0.0,0.0,0.0,1.0,0.3333,0.0,-0.0,0.7,0.0,low,55775.0,544030.45,none
1770214129436,BTCUSDT,1,0.0,0.1083,0.0,0.0,0.0,0.0,-0.0,0.0,0.0,0.0,1.0,0.3333,0.0,-0.0,0.7,0.0,low,55775.0,544030.45,none
1770214129436,BTCUSDT,1,0.0,0.1083,0.0,0.0,0.0,0.0,-0.0,0.0,0.0,0.0,1.0,0.3333,0.0,-0.0,0.7,0.0,low,55775.0,544030.45,none
1770214129437,BTCUSDT,1,0.0,0.1083,0.0,0.0,0.0,0.0,-0.0,0.0,0.0,0.0,1.0,0.3333,0.0,-0.0,0.7,0.0,low,55775.0,544030.45,none
1770214129437,BTCUSDT,1,0.0,0.1083,0.0,0.0,0.0,0.0,-0.0,0.0,0.0,0.0,1.0,0.3333,0.0,-0.0,0.7,0.0,low,55775.0,544030.45,none
1770214129437,ETHUSDT,-1,0.0,-0.065,0.0,0.0,0.0,0.0,-0.0,0.0,0.0,1.0,1.0,1.0,0.0,-0.0,0.7,0.0,low,279.0,3936.59,none
1770214129438,BTCUSDT,1,0.0,0.055,0.0,0.0,0.0,0.0,-0.0,0.0,0.0,0.0,1.0,1.0,0.0,-0.0,0.7,0.0,low,230210.0,513654.8,none
1770214129518,BTCUSDT,1,0.0,0.055,0.0,0.0,0.0,0.0,-0.0,0.0,0.0,0.0,1.0,1.0,0.0,-0.0,0.7,0.0,low,230210.0,513654.8,none
1770214129621,BTCUSDT,1,0.0,0.055,0.0,0.0,0.0,0.0,-0.0,0.0,0.0,0.0,1.0,1.0,0.0,-0.0,0.7,0.0,low,230210.0,513654.8,none
1770214129631,ETHUSDT,-1,0.0,-0.065,0.0,0.0,0.0,0.0,-0.0,0.0,0.0,1.0,1.0,1.0,0.0,-0.0,0.7,0.0,low,279.0,3936.59,none
1770214129638,BTCUSDT,1,0.0,0.055,0.0,0.0,0.0,0.0,-0.0,0.0,0.0,0.0,1.0,1.0,0.0,-0.0,0.7,0.0,low,230210.0,513654.8,none
1770214129654,BTCUSDT,1,0.0,0.055,0.0,0.0,0.0,0.0,-0.0,0.0,0.0,0.0,1.0,1.0,0.0,-0.0,0.7,0.0,low,230210.0,513654.8,none
1770214129655,BTCUSDT,1,0.0,0.055,0.0,0.0,0.0,0.0,-0.0,0.0,0.0,0.0,1.0,1.0,0.0,-0.0,0.7,0.0,low,230210.0,513654.8,none
1770214129655,BTCUSDT,1,0.0,0.055,0.0,0.0,0.0,0.0,-0.0,0.0,0.0,0.0,1.0,1.0,0.0,-0.0,0.7,0.0,low,230210.0,513654.8,none
1770214129658,BTCUSDT,1,0.0,0.055,0.0,0.0,0.0,0.0,-0.0,0.0,0.0,0.0,1.0,1.0,0.0,-0.0,0.7,0.0,low,230210.0,513654.8,none
1770214129933,ETHUSDT,-1,0.0,-0.4299,0.0,0.5295,0.0,0.0,0.0,1.0,0.0,1.0,1.0,1.0,0.0,-0.0,0.7,0.0,low,1.0,3937.97,none
1770214130029,ETHUSDT,-1,0.0,-0.4305,0.0,0.5358,0.0,0.0,0.0,1.0,0.0,1.0,1.0,1.0,0.0,-0.0,0.7,0.0,low,1.0,3937.97,none
1770214130561,ETHUSDT,-1,0.8963,-0.4314,0.0,0.5387,0.0,0.0,0.0,1.0,0.0,1.0,1.0,1.0,0.0,-0.0,0.7,0.0,low,1.0,3937.97,enter
1770214130562,BTCUSDT,1,0.0,0.0526,0.0,0.0,0.0,0.0,-0.0,0.0,0.0,0.0,1.0,1.0,0.0,-0.0,0.7,0.0,low,230210.0,513654.8,none
1770214130562,BTCUSDT,1,0.0,0.0538,0.0,0.0,0.0,0.0,-0.0,0.0,0.0,0.0,1.0,1.0,0.0,-0.0,0.7,0.0,low,230210.0,513654.8,none
1770214130562,BTCUSDT,1,0.0,0.055,0.0,0.0,0.0,0.0,-0.0,0.0,0.0,0.0,1.0,1.0,0.0,-0.0,0.7,0.0,low,230210.0,513654.8,none
1770214130563,BTCUSDT,1,0.0,0.055,0.0,0.0,0.0,0.0,-0.0,0.0,0.0,0.0,1.0,1.0,0.0,-0.0,0.7,0.0,low,230210.0,513654.8,none
1770214130563,BTCUSDT,1,0.0,0.055,0.0,0.0,0.0,0.0,-0.0,0.0,0.0,0.0,1.0,1.0,0.0,-0.0,0.7,0.0,low,230210.0,513654.8,none
1770214130563,BTCUSDT,1,0.0,0.1236,0.2287,0.0,0.0,0.0,-0.0,0.0,0.0,0.0,1.0,1.0,0.0,-0.0,0.7,0.0,low,3.0,519592.15,none
1770214130563,BTCUSDT,1,0.0,0.055,0.0,0.0,0.0,0.0,-0.0,0.0,0.0,0.0,1.0,1.0,0.0,-0.0,0.7,0.0,low,3.0,519592.15,none
1770214130564,BTCUSDT,1,0.0,0.055,0.0,0.0,0.0,0.0,-0.0,0.0,0.0,0.0,1.0,1.0,0.0,-0.0,0.7,0.0,low,3.0,519592.15,none
1770214130748,ETHUSDT,-1,0.8945,-0.4275,0.0,0.5376,0.0,0.0,0.0,1.0,0.0,1.0,1.0,1.0,0.0,-0.0,0.7,0.0,low,1.0,3937.97,enter
1770214130749,BTCUSDT,1,0.0,0.055,0.0,0.0,0.0,0.0,-0.0,0.0,0.0,0.0,1.0,1.0,0.0,-0.0,0.7,0.0,low,3.0,519592.15,none
1770214130749,BTCUSDT,1,0.0,0.055,0.0,0.0,0.0,0.0,-0.0,0.0,0.0,0.0,1.0,1.0,0.0,-0.0,0.7,0.0,low,3.0,519592.15,none
1770214130749,BTCUSDT,1,0.0,0.055,0.0,0.0,0.0,0.0,-0.0,0.0,0.0,0.0,1.0,1.0,0.0,-0.0,0.7,0.0,low,3.0,519592.15,none
1770214130750,BTCUSDT,1,0.0,0.055,0.0,0.0,0.0,0.0,-0.0,0.0,0.0,0.0,1.0,1.0,0.0,-0.0,0.7,0.0,low,3.0,519592.15,none
1770214130751,BTCUSDT,1,0.0,0.055,0.0,0.0,0.0,0.0,-0.0,0.0,0.0,0.0,1.0,1.0,0.0,-0.0,0.7,0.0,low,3.0,519592.15,none
1770214130751,BTCUSDT,1,0.0,0.055,0.0,0.0,0.0,0.0,-0.0,0.0,0.0,0.0,1.0,1.0,0.0,-0.0,0.7,0.0,low,3.0,519592.15,none
1770214130751,BTCUSDT,1,0.0,0.033,0.0,0.0734,0.0,0.0,-0.0,0.0,0.0,0.0,1.0,1.0,0.0,-0.0,0.7,0.0,low,5.0,519592.25,none
1770214131037,ETHUSDT,-1,0.7372,-0.2063,0.0,0.5376,0.0,0.0,0.0,0.5,0.0,0.0,1.0,1.0,0.0,-0.0,0.7,0.0,low,1.0,3937.97,enter
1770214131037,BTCUSDT,1,0.0,0.055,0.0,0.0,0.0,0.0,-0.0,0.0,0.0,0.0,1.0,1.0,0.0,-0.0,0.7,0.0,low,5.0,519592.25,none
1770214131078,BTCUSDT,1,0.0,0.055,0.0,0.0,0.0,0.0,-0.0,0.0,0.0,0.0,1.0,1.0,0.0,-0.0,0.7,0.0,low,7.0,519592.35,none
1770214131078,BTCUSDT,1,0.0,0.055,0.0,0.0,0.0,0.0,-0.0,0.0,0.0,0.0,1.0,1.0,0.0,-0.0,0.7,0.0,low,7.0,519592.35,none
1770214131079,BTCUSDT,1,0.0,0.055,0.0,0.0,0.0,0.0,-0.0,0.0,0.0,0.0,1.0,1.0,0.0,-0.0,0.7,0.0,low,7.0,519592.35,none
1770214131079,BTCUSDT,1,0.0,0.055,0.0,0.0,0.0,0.0,-0.0,0.0,0.0,0.0,1.0,1.0,0.0,-0.0,0.7,0.0,low,7.0,519592.35,none
1770214131079,BTCUSDT,1,0.0,0.055,0.0,0.0,0.0,0.0,-0.0,0.0,0.0,0.0,1.0,1.0,0.0,-0.0,0.7,0.0,low,7.0,519592.35,none
1770214131079,BTCUSDT,1,0.0,0.055,0.0,0.0,0.0,0.0,-0.0,0.0,0.0,0.0,1.0,1.0,0.0,-0.0,0.7,0.0,low,7.0,519592.35,none
1770214131099,BTCUSDT,1,0.0,0.055,0.0,0.0,0.0,0.0,-0.0,0.0,0.0,0.0,1.0,1.0,0.0,-0.0,0.7,0.0,low,3769.0,524976.85,none
1770214131813,ETHUSDT,-1,0.7372,-0.2063,0.0,0.5376,0.0,0.0,0.0,0.5,0.0,0.0,1.0,1.0,0.0,-0.0,0.7,0.0,low,1.0,3937.97,enter
1770214131814,BTCUSDT,1,0.0,0.055,0.0,0.0,0.0,0.0,-0.0,0.0,0.0,0.0,1.0,1.0,0.0,-0.0,0.7,0.0,low,3769.0,524976.85,none
1770214131814,BTCUSDT,1,0.0,0.055,0.0,0.0,0.0,0.0,-0.0,0.0,0.0,0.0,1.0,1.0,0.0,-0.0,0.7,0.0,low,3769.0,524976.85,none
1770214132178,ETHUSDT,-1,0.7372,-0.2063,0.0,0.5376,0.0,0.0,0.0,0.5,0.0,0.0,0.0,0.0,0.0,-0.0,0.7,0.0,low,1.0,3937.97,enter
1770214132278,BTCUSDT,1,0.0,0.049,0.0,0.0,0.0,0.0,-0.0,0.0,0.0,0.0,1.0,1.0,0.0,-0.0,0.7,0.0,low,3769.0,524976.85,none
1770214132320,BTCUSDT,1,0.0,0.049,0.0,0.0,0.0,0.0,-0.0,0.0,0.0,0.0,1.0,1.0,0.0,-0.0,0.7,0.0,low,3769.0,524976.85,none
1770214132359,BTCUSDT,1,0.0,0.049,0.0,0.0,0.0,0.0,-0.0,0.0,0.0,0.0,1.0,1.0,0.0,-0.0,0.7,0.0,low,3769.0,524976.85,none
1770214132379,BTCUSDT,1,0.0,0.049,0.0,0.0,0.0,0.0,-0.0,0.0,0.0,0.0,1.0,1.0,0.0,-0.0,0.7,0.0,low,3769.0,524976.85,none
1770214132399,BTCUSDT,1,0.0,0.049,0.0,0.0,0.0,0.0,-0.0,0.0,0.0,0.0,1.0,1.0,0.0,-0.0,0.7,0.0,low,3769.0,524976.85,none
1770214132418,BTCUSDT,1,0.0,0.049,0.0,0.0,0.0,0.0,-0.0,0.0,0.0,0.0,1.0,1.0,0.0,-0.0,0.7,0.0,low,3769.0,524976.85,none
1770214132966,ETHUSDT,-1,0.7377,-0.2068,0.0,0.5393,0.0,0.0,0.0,0.5,0.0,0.0,0.0,0.0,0.0,-0.0,0.7,0.0,low,1.0,3937.97,enter
1770214132967,BTCUSDT,1,0.0,0.049,0.0,0.0,0.0,0.0,-0.0,0.0,0.0,0.0,1.0,1.0,0.0,-0.0,0.7,0.0,low,3669.0,524971.85,none
1770214132967,ETHUSDT,-1,0.0,-0.2066,0.0,0.5387,0.0,0.0,0.0,0.5,0.0,0.0,0.0,0.0,0.0,-0.0,0.7,0.0,low,1.0,3937.97,none
1770214132968,ETHUSDT,-1,0.0,-0.2066,0.0,0.5387,0.0,0.0,0.0,0.5,0.0,0.0,0.0,0.0,0.0,-0.0,0.7,0.0,low,1.0,3937.97,none
1770214132968,ETHUSDT,-1,0.0,-0.2066,0.0,0.5387,0.0,0.0,0.0,0.5,0.0,0.0,0.0,0.0,0.0,-0.0,0.7,0.0,low,1.0,3937.97,none
1770214132968,ETHUSDT,-1,0.0,-0.2067,0.0,0.5392,0.0,0.0,0.0,0.5,0.0,0.0,0.0,0.0,0.0,-0.0,0.7,0.0,low,1.0,3937.97,none
1770214133936,ETHUSDT,-1,0.7378,-0.2069,0.0,0.5396,0.0,0.0,0.0,0.5,0.0,0.0,0.0,0.0,0.0,-0.0,0.7,0.0,low,1.0,3937.97,enter
1770214133936,ETHUSDT,-1,0.6318,-0.108,0.0,0.5394,0.0,0.0,-0.0,0.0,0.0,0.0,0.0,0.0,0.0,-0.0,0.7,0.0,low,1.0,3937.97,none
